%YAML 1.1
%TAG !u! tag:unity3d.com,2011:
--- !u!54 &2492858773587611568
Rigidbody:
  m_ObjectHideFlags: 0
  m_CorrespondingSourceObject: {fileID: 0}
  m_PrefabInstance: {fileID: 0}
  m_PrefabAsset: {fileID: 0}
  m_GameObject: {fileID: 360429285162522083}
  serializedVersion: 2
  m_Mass: 0.15
  m_Drag: 0
  m_AngularDrag: 0.05
  m_UseGravity: 1
  m_IsKinematic: 0
  m_Interpolate: 1
  m_Constraints: 0
  m_CollisionDetection: 0
--- !u!136 &2492858773587611570
CapsuleCollider:
  m_ObjectHideFlags: 0
  m_CorrespondingSourceObject: {fileID: 0}
  m_PrefabInstance: {fileID: 0}
  m_PrefabAsset: {fileID: 0}
  m_GameObject: {fileID: 360429285162522083}
  m_Material: {fileID: 0}
  m_IsTrigger: 0
  m_Enabled: 1
  m_Radius: 0.05
  m_Height: 0.2
  m_Direction: 1
  m_Center: {x: 0, y: 0.06, z: 0}
--- !u!153 &2492858773587611571
ConfigurableJoint:
  m_ObjectHideFlags: 0
  m_CorrespondingSourceObject: {fileID: 0}
  m_PrefabInstance: {fileID: 0}
  m_PrefabAsset: {fileID: 0}
  m_GameObject: {fileID: 360429285162522083}
  m_ConnectedBody: {fileID: 2492858774014172366}
  m_ConnectedArticulationBody: {fileID: 0}
  m_Anchor: {x: 0, y: 0, z: 0}
  m_Axis: {x: 1, y: 0, z: 0}
  m_AutoConfigureConnectedAnchor: 1
  m_ConnectedAnchor: {x: -0.052831504, y: 0.062130727, z: -0.0002733143}
  serializedVersion: 2
  m_SecondaryAxis: {x: 0, y: 1, z: 0}
  m_XMotion: 0
  m_YMotion: 0
  m_ZMotion: 0
  m_AngularXMotion: 2
  m_AngularYMotion: 2
  m_AngularZMotion: 0
  m_LinearLimitSpring:
    spring: 0
    damper: 0
  m_LinearLimit:
    limit: 0
    bounciness: 0
    contactDistance: 0
  m_AngularXLimitSpring:
    spring: 0
    damper: 0
  m_LowAngularXLimit:
    limit: 0
    bounciness: 0
    contactDistance: 0
  m_HighAngularXLimit:
    limit: 0
    bounciness: 0
    contactDistance: 0
  m_AngularYZLimitSpring:
    spring: 0
    damper: 0
  m_AngularYLimit:
    limit: 0
    bounciness: 0
    contactDistance: 0
  m_AngularZLimit:
    limit: 0
    bounciness: 0
    contactDistance: 0
  m_TargetPosition: {x: 0, y: 0, z: 0}
  m_TargetVelocity: {x: 0, y: 0, z: 0}
  m_XDrive:
    serializedVersion: 3
    positionSpring: 0
    positionDamper: 0
    maximumForce: 3.4028233e+38
  m_YDrive:
    serializedVersion: 3
    positionSpring: 0
    positionDamper: 0
    maximumForce: 3.4028233e+38
  m_ZDrive:
    serializedVersion: 3
    positionSpring: 0
    positionDamper: 0
    maximumForce: 3.4028233e+38
  m_TargetRotation: {x: 0, y: 0, z: 0, w: 1}
  m_TargetAngularVelocity: {x: 0, y: 0, z: 0}
  m_RotationDriveMode: 0
  m_AngularXDrive:
    serializedVersion: 3
    positionSpring: 0
    positionDamper: 0
    maximumForce: 3.4028233e+38
  m_AngularYZDrive:
    serializedVersion: 3
    positionSpring: 0
    positionDamper: 0
    maximumForce: 3.4028233e+38
  m_SlerpDrive:
    serializedVersion: 3
    positionSpring: 0
    positionDamper: 0
    maximumForce: 3.4028233e+38
  m_ProjectionMode: 0
  m_ProjectionDistance: 0.1
  m_ProjectionAngle: 180
  m_ConfiguredInWorldSpace: 0
  m_SwapBodies: 0
  m_BreakForce: Infinity
  m_BreakTorque: Infinity
  m_EnableCollision: 0
  m_EnablePreprocessing: 0
  m_MassScale: 1
  m_ConnectedMassScale: 1
--- !u!114 &2492858773587611565
MonoBehaviour:
  m_ObjectHideFlags: 0
  m_CorrespondingSourceObject: {fileID: 0}
  m_PrefabInstance: {fileID: 0}
  m_PrefabAsset: {fileID: 0}
  m_GameObject: {fileID: 360429285162522083}
  m_Enabled: 1
  m_EditorHideFlags: 0
  m_Script: {fileID: 11500000, guid: 39214389484c8664885d7e35c28ebb50, type: 3}
  m_Name: 
  m_EditorClassIdentifier: 
  aa: {fileID: 0}
  forceEntryBody: {fileID: 2079271007}
  breakForce: 100
  releventBodies:
  - {fileID: 2492858773587611568}
  - {fileID: 2492858773232275090}
  - {fileID: 2492858774449517342}
  - {fileID: 2079271007}
  limbState: 0
--- !u!54 &410008413
Rigidbody:
  m_ObjectHideFlags: 0
  m_CorrespondingSourceObject: {fileID: 0}
  m_PrefabInstance: {fileID: 0}
  m_PrefabAsset: {fileID: 0}
  m_GameObject: {fileID: 520104843535104751}
  serializedVersion: 2
  m_Mass: 1
  m_Drag: 0
  m_AngularDrag: 0.05
  m_UseGravity: 1
  m_IsKinematic: 0
  m_Interpolate: 1
  m_Constraints: 0
  m_CollisionDetection: 0
--- !u!135 &410008414
SphereCollider:
  m_ObjectHideFlags: 0
  m_CorrespondingSourceObject: {fileID: 0}
  m_PrefabInstance: {fileID: 0}
  m_PrefabAsset: {fileID: 0}
  m_GameObject: {fileID: 520104843535104751}
  m_Material: {fileID: 0}
  m_IsTrigger: 0
  m_Enabled: 1
  serializedVersion: 2
  m_Radius: 0.05
  m_Center: {x: 0, y: 0, z: 0}
--- !u!153 &410008412
ConfigurableJoint:
  m_ObjectHideFlags: 0
  m_CorrespondingSourceObject: {fileID: 0}
  m_PrefabInstance: {fileID: 0}
  m_PrefabAsset: {fileID: 0}
  m_GameObject: {fileID: 520104843535104751}
  m_ConnectedBody: {fileID: 2492858773419467693}
  m_ConnectedArticulationBody: {fileID: 0}
  m_Anchor: {x: 0, y: 0, z: 0}
  m_Axis: {x: 1, y: 0, z: 0}
  m_AutoConfigureConnectedAnchor: 1
  m_ConnectedAnchor: {x: -0.00000005844049, y: 0.1081531, z: -0.000000014901161}
  serializedVersion: 2
  m_SecondaryAxis: {x: 0, y: 1, z: 0}
  m_XMotion: 0
  m_YMotion: 0
  m_ZMotion: 0
  m_AngularXMotion: 2
  m_AngularYMotion: 2
  m_AngularZMotion: 2
  m_LinearLimitSpring:
    spring: 0
    damper: 0
  m_LinearLimit:
    limit: 0
    bounciness: 0
    contactDistance: 0
  m_AngularXLimitSpring:
    spring: 0
    damper: 0
  m_LowAngularXLimit:
    limit: 0
    bounciness: 0
    contactDistance: 0
  m_HighAngularXLimit:
    limit: 0
    bounciness: 0
    contactDistance: 0
  m_AngularYZLimitSpring:
    spring: 0
    damper: 0
  m_AngularYLimit:
    limit: 0
    bounciness: 0
    contactDistance: 0
  m_AngularZLimit:
    limit: 0
    bounciness: 0
    contactDistance: 0
  m_TargetPosition: {x: 0, y: 0, z: 0}
  m_TargetVelocity: {x: 0, y: 0, z: 0}
  m_XDrive:
    serializedVersion: 3
    positionSpring: 0
    positionDamper: 0
    maximumForce: 3.4028233e+38
  m_YDrive:
    serializedVersion: 3
    positionSpring: 0
    positionDamper: 0
    maximumForce: 3.4028233e+38
  m_ZDrive:
    serializedVersion: 3
    positionSpring: 0
    positionDamper: 0
    maximumForce: 3.4028233e+38
  m_TargetRotation: {x: 0, y: 0, z: 0, w: 1}
  m_TargetAngularVelocity: {x: 0, y: 0, z: 0}
  m_RotationDriveMode: 0
  m_AngularXDrive:
    serializedVersion: 3
    positionSpring: 0
    positionDamper: 0
    maximumForce: 3.4028233e+38
  m_AngularYZDrive:
    serializedVersion: 3
    positionSpring: 0
    positionDamper: 0
    maximumForce: 3.4028233e+38
  m_SlerpDrive:
    serializedVersion: 3
    positionSpring: 0
    positionDamper: 0
    maximumForce: 3.4028233e+38
  m_ProjectionMode: 0
  m_ProjectionDistance: 0.1
  m_ProjectionAngle: 180
  m_ConfiguredInWorldSpace: 0
  m_SwapBodies: 0
  m_BreakForce: Infinity
  m_BreakTorque: Infinity
  m_EnableCollision: 0
  m_EnablePreprocessing: 0
  m_MassScale: 1
  m_ConnectedMassScale: 1
--- !u!54 &2492858773173823059
Rigidbody:
  m_ObjectHideFlags: 0
  m_CorrespondingSourceObject: {fileID: 0}
  m_PrefabInstance: {fileID: 0}
  m_PrefabAsset: {fileID: 0}
  m_GameObject: {fileID: 632158575721977326}
  serializedVersion: 2
  m_Mass: 0.14
  m_Drag: 0
  m_AngularDrag: 0.05
  m_UseGravity: 1
  m_IsKinematic: 0
  m_Interpolate: 1
  m_Constraints: 0
  m_CollisionDetection: 0
--- !u!136 &2492858773173823058
CapsuleCollider:
  m_ObjectHideFlags: 0
  m_CorrespondingSourceObject: {fileID: 0}
  m_PrefabInstance: {fileID: 0}
  m_PrefabAsset: {fileID: 0}
  m_GameObject: {fileID: 632158575721977326}
  m_Material: {fileID: 0}
  m_IsTrigger: 0
  m_Enabled: 1
  m_Radius: 0.05
  m_Height: 0.2
  m_Direction: 1
  m_Center: {x: 0, y: 0.08, z: 0}
--- !u!153 &2492858773173823056
ConfigurableJoint:
  m_ObjectHideFlags: 0
  m_CorrespondingSourceObject: {fileID: 0}
  m_PrefabInstance: {fileID: 0}
  m_PrefabAsset: {fileID: 0}
  m_GameObject: {fileID: 632158575721977326}
  m_ConnectedBody: {fileID: 2492858773483108737}
  m_ConnectedArticulationBody: {fileID: 0}
  m_Anchor: {x: 0, y: 0, z: 0}
  m_Axis: {x: 1, y: 0, z: 0}
  m_AutoConfigureConnectedAnchor: 1
  m_ConnectedAnchor: {x: 0, y: 0.17892013, z: -5.820766e-11}
  serializedVersion: 2
  m_SecondaryAxis: {x: 0, y: 1, z: 0}
  m_XMotion: 0
  m_YMotion: 1
  m_ZMotion: 0
  m_AngularXMotion: 1
  m_AngularYMotion: 1
  m_AngularZMotion: 1
  m_LinearLimitSpring:
    spring: 350
    damper: 5
  m_LinearLimit:
    limit: 0.01
    bounciness: 0.65
    contactDistance: 0
  m_AngularXLimitSpring:
    spring: 0
    damper: 0
  m_LowAngularXLimit:
    limit: -10
    bounciness: 0
    contactDistance: 0
  m_HighAngularXLimit:
    limit: 125
    bounciness: 0
    contactDistance: 0
  m_AngularYZLimitSpring:
    spring: 0
    damper: 0
  m_AngularYLimit:
    limit: 10
    bounciness: 0
    contactDistance: 0
  m_AngularZLimit:
    limit: 20
    bounciness: 0
    contactDistance: 0
  m_TargetPosition: {x: 0, y: 0, z: 0}
  m_TargetVelocity: {x: 0, y: 0, z: 0}
  m_XDrive:
    serializedVersion: 3
    positionSpring: 0
    positionDamper: 0
    maximumForce: 3.4028233e+38
  m_YDrive:
    serializedVersion: 3
    positionSpring: 0
    positionDamper: 0
    maximumForce: 3.4028233e+38
  m_ZDrive:
    serializedVersion: 3
    positionSpring: 0
    positionDamper: 0
    maximumForce: 3.4028233e+38
  m_TargetRotation: {x: 0, y: 0, z: 0, w: 1}
  m_TargetAngularVelocity: {x: 0, y: 0, z: 0}
  m_RotationDriveMode: 0
  m_AngularXDrive:
    serializedVersion: 3
    positionSpring: 0
    positionDamper: 0
    maximumForce: 3.4028233e+38
  m_AngularYZDrive:
    serializedVersion: 3
    positionSpring: 0
    positionDamper: 0
    maximumForce: 3.4028233e+38
  m_SlerpDrive:
    serializedVersion: 3
    positionSpring: 0
    positionDamper: 0
    maximumForce: 3.4028233e+38
  m_ProjectionMode: 0
  m_ProjectionDistance: 0.1
  m_ProjectionAngle: 180
  m_ConfiguredInWorldSpace: 0
  m_SwapBodies: 0
  m_BreakForce: Infinity
  m_BreakTorque: Infinity
  m_EnableCollision: 0
  m_EnablePreprocessing: 0
  m_MassScale: 1
  m_ConnectedMassScale: 1
--- !u!54 &2492858773483108737
Rigidbody:
  m_ObjectHideFlags: 0
  m_CorrespondingSourceObject: {fileID: 0}
  m_PrefabInstance: {fileID: 0}
  m_PrefabAsset: {fileID: 0}
  m_GameObject: {fileID: 656802238067940803}
  serializedVersion: 2
  m_Mass: 0.25
  m_Drag: 0
  m_AngularDrag: 0.05
  m_UseGravity: 1
  m_IsKinematic: 0
  m_Interpolate: 1
  m_Constraints: 0
  m_CollisionDetection: 0
--- !u!136 &2492858773483108739
CapsuleCollider:
  m_ObjectHideFlags: 0
  m_CorrespondingSourceObject: {fileID: 0}
  m_PrefabInstance: {fileID: 0}
  m_PrefabAsset: {fileID: 0}
  m_GameObject: {fileID: 656802238067940803}
  m_Material: {fileID: 0}
  m_IsTrigger: 0
  m_Enabled: 1
  m_Radius: 0.05
  m_Height: 0.2
  m_Direction: 1
  m_Center: {x: 0, y: 0.08, z: 0}
--- !u!153 &2492858773483108736
ConfigurableJoint:
  m_ObjectHideFlags: 0
  m_CorrespondingSourceObject: {fileID: 0}
  m_PrefabInstance: {fileID: 0}
  m_PrefabAsset: {fileID: 0}
  m_GameObject: {fileID: 656802238067940803}
  m_ConnectedBody: {fileID: 2492858772909862715}
  m_ConnectedArticulationBody: {fileID: 0}
  m_Anchor: {x: 0, y: 0, z: 0}
  m_Axis: {x: 1, y: 0, z: 0}
  m_AutoConfigureConnectedAnchor: 1
  m_ConnectedAnchor: {x: -0.06524234, y: -0.031727135, z: -0.006963068}
  serializedVersion: 2
  m_SecondaryAxis: {x: 0, y: 1, z: 0}
  m_XMotion: 0
  m_YMotion: 0
  m_ZMotion: 0
  m_AngularXMotion: 2
  m_AngularYMotion: 2
  m_AngularZMotion: 2
  m_LinearLimitSpring:
    spring: 0
    damper: 0
  m_LinearLimit:
    limit: 0
    bounciness: 0
    contactDistance: 0
  m_AngularXLimitSpring:
    spring: 0
    damper: 0
  m_LowAngularXLimit:
    limit: 0
    bounciness: 0
    contactDistance: 0
  m_HighAngularXLimit:
    limit: 0
    bounciness: 0
    contactDistance: 0
  m_AngularYZLimitSpring:
    spring: 0
    damper: 0
  m_AngularYLimit:
    limit: 0
    bounciness: 0
    contactDistance: 0
  m_AngularZLimit:
    limit: 0
    bounciness: 0
    contactDistance: 0
  m_TargetPosition: {x: 0, y: 0, z: 0}
  m_TargetVelocity: {x: 0, y: 0, z: 0}
  m_XDrive:
    serializedVersion: 3
    positionSpring: 0
    positionDamper: 0
    maximumForce: 3.4028233e+38
  m_YDrive:
    serializedVersion: 3
    positionSpring: 0
    positionDamper: 0
    maximumForce: 3.4028233e+38
  m_ZDrive:
    serializedVersion: 3
    positionSpring: 0
    positionDamper: 0
    maximumForce: 3.4028233e+38
  m_TargetRotation: {x: 0, y: 0, z: 0, w: 1}
  m_TargetAngularVelocity: {x: 0, y: 0, z: 0}
  m_RotationDriveMode: 0
  m_AngularXDrive:
    serializedVersion: 3
    positionSpring: 0
    positionDamper: 0
    maximumForce: 3.4028233e+38
  m_AngularYZDrive:
    serializedVersion: 3
    positionSpring: 0
    positionDamper: 0
    maximumForce: 3.4028233e+38
  m_SlerpDrive:
    serializedVersion: 3
    positionSpring: 0
    positionDamper: 0
    maximumForce: 3.4028233e+38
  m_ProjectionMode: 0
  m_ProjectionDistance: 0.1
  m_ProjectionAngle: 180
  m_ConfiguredInWorldSpace: 0
  m_SwapBodies: 0
  m_BreakForce: Infinity
  m_BreakTorque: Infinity
  m_EnableCollision: 0
  m_EnablePreprocessing: 0
  m_MassScale: 1
  m_ConnectedMassScale: 1
--- !u!114 &1658875110
MonoBehaviour:
  m_ObjectHideFlags: 0
  m_CorrespondingSourceObject: {fileID: 0}
  m_PrefabInstance: {fileID: 0}
  m_PrefabAsset: {fileID: 0}
  m_GameObject: {fileID: 656802238067940803}
  m_Enabled: 1
  m_EditorHideFlags: 0
  m_Script: {fileID: 11500000, guid: 39214389484c8664885d7e35c28ebb50, type: 3}
  m_Name: 
  m_EditorClassIdentifier: 
  aa: {fileID: 0}
  forceEntryBody: {fileID: 669440191}
  breakForce: 110
  releventBodies:
  - {fileID: 2492858773483108737}
  - {fileID: 2492858773173823059}
  - {fileID: 669440191}
  limbState: 0
--- !u!54 &2492858774449517342
Rigidbody:
  m_ObjectHideFlags: 0
  m_CorrespondingSourceObject: {fileID: 0}
  m_PrefabInstance: {fileID: 0}
  m_PrefabAsset: {fileID: 0}
  m_GameObject: {fileID: 1465081675284136613}
  serializedVersion: 2
  m_Mass: 0.15
  m_Drag: 0
  m_AngularDrag: 0.05
  m_UseGravity: 1
  m_IsKinematic: 0
  m_Interpolate: 1
  m_Constraints: 0
  m_CollisionDetection: 0
--- !u!136 &2492858774449517337
CapsuleCollider:
  m_ObjectHideFlags: 0
  m_CorrespondingSourceObject: {fileID: 0}
  m_PrefabInstance: {fileID: 0}
  m_PrefabAsset: {fileID: 0}
  m_GameObject: {fileID: 1465081675284136613}
  m_Material: {fileID: 0}
  m_IsTrigger: 0
  m_Enabled: 1
  m_Radius: 0.05
  m_Height: 0.2
  m_Direction: 1
  m_Center: {x: 0, y: 0.06, z: 0}
--- !u!153 &2492858774449517343
ConfigurableJoint:
  m_ObjectHideFlags: 0
  m_CorrespondingSourceObject: {fileID: 0}
  m_PrefabInstance: {fileID: 0}
  m_PrefabAsset: {fileID: 0}
  m_GameObject: {fileID: 1465081675284136613}
  m_ConnectedBody: {fileID: 2492858773232275090}
  m_ConnectedArticulationBody: {fileID: 0}
  m_Anchor: {x: 0, y: 0, z: 0}
  m_Axis: {x: 1, y: 0, z: 0}
  m_AutoConfigureConnectedAnchor: 1
  m_ConnectedAnchor: {x: 0.000000008614734, y: 0.12134569, z: 0}
  serializedVersion: 2
  m_SecondaryAxis: {x: 0, y: 1, z: 0}
  m_XMotion: 0
  m_YMotion: 0
  m_ZMotion: 0
  m_AngularXMotion: 2
  m_AngularYMotion: 0
  m_AngularZMotion: 2
  m_LinearLimitSpring:
    spring: 0.5
    damper: 0.5
  m_LinearLimit:
    limit: 0.2
    bounciness: 0.2
    contactDistance: 0
  m_AngularXLimitSpring:
    spring: 0
    damper: 0
  m_LowAngularXLimit:
    limit: 0
    bounciness: 0
    contactDistance: 0
  m_HighAngularXLimit:
    limit: 0
    bounciness: 0
    contactDistance: 0
  m_AngularYZLimitSpring:
    spring: 0
    damper: 0
  m_AngularYLimit:
    limit: 0
    bounciness: 0
    contactDistance: 0
  m_AngularZLimit:
    limit: 0
    bounciness: 0
    contactDistance: 0
  m_TargetPosition: {x: 0, y: 0, z: 0}
  m_TargetVelocity: {x: 0, y: 0, z: 0}
  m_XDrive:
    serializedVersion: 3
    positionSpring: 0
    positionDamper: 0
    maximumForce: 3.4028233e+38
  m_YDrive:
    serializedVersion: 3
    positionSpring: 0
    positionDamper: 0
    maximumForce: 3.4028233e+38
  m_ZDrive:
    serializedVersion: 3
    positionSpring: 0
    positionDamper: 0
    maximumForce: 3.4028233e+38
  m_TargetRotation: {x: 0, y: 0, z: 0, w: 1}
  m_TargetAngularVelocity: {x: 0, y: 0, z: 0}
  m_RotationDriveMode: 0
  m_AngularXDrive:
    serializedVersion: 3
    positionSpring: 0
    positionDamper: 0
    maximumForce: 3.4028233e+38
  m_AngularYZDrive:
    serializedVersion: 3
    positionSpring: 0
    positionDamper: 0
    maximumForce: 3.4028233e+38
  m_SlerpDrive:
    serializedVersion: 3
    positionSpring: 0
    positionDamper: 0
    maximumForce: 3.4028233e+38
  m_ProjectionMode: 0
  m_ProjectionDistance: 0.1
  m_ProjectionAngle: 180
  m_ConfiguredInWorldSpace: 0
  m_SwapBodies: 0
  m_BreakForce: Infinity
  m_BreakTorque: Infinity
  m_EnableCollision: 0
  m_EnablePreprocessing: 0
  m_MassScale: 1
  m_ConnectedMassScale: 1
--- !u!54 &2492858774176308723
Rigidbody:
  m_ObjectHideFlags: 0
  m_CorrespondingSourceObject: {fileID: 0}
  m_PrefabInstance: {fileID: 0}
  m_PrefabAsset: {fileID: 0}
  m_GameObject: {fileID: 1548977998059578006}
  serializedVersion: 2
  m_Mass: 0.25
  m_Drag: 0
  m_AngularDrag: 0.05
  m_UseGravity: 1
  m_IsKinematic: 0
  m_Interpolate: 1
  m_Constraints: 0
  m_CollisionDetection: 0
--- !u!65 &2492858774176308717
BoxCollider:
  m_ObjectHideFlags: 0
  m_CorrespondingSourceObject: {fileID: 0}
  m_PrefabInstance: {fileID: 0}
  m_PrefabAsset: {fileID: 0}
  m_GameObject: {fileID: 1548977998059578006}
  m_Material: {fileID: 0}
  m_IsTrigger: 0
  m_Enabled: 1
  serializedVersion: 2
  m_Size: {x: 0.16, y: 0.05, z: 0.1}
  m_Center: {x: 0, y: 0.025, z: 0}
--- !u!153 &2492858774176308722
ConfigurableJoint:
  m_ObjectHideFlags: 0
  m_CorrespondingSourceObject: {fileID: 0}
  m_PrefabInstance: {fileID: 0}
  m_PrefabAsset: {fileID: 0}
  m_GameObject: {fileID: 1548977998059578006}
  m_ConnectedBody: {fileID: 2492858773346621967}
  m_ConnectedArticulationBody: {fileID: 0}
  m_Anchor: {x: 0, y: 0, z: 0}
  m_Axis: {x: 1, y: 0, z: 0}
  m_AutoConfigureConnectedAnchor: 1
  m_ConnectedAnchor: {x: 0, y: -0.062225495, z: 0.004168599}
  serializedVersion: 2
  m_SecondaryAxis: {x: 0, y: 1, z: 0}
  m_XMotion: 0
  m_YMotion: 0
  m_ZMotion: 0
  m_AngularXMotion: 1
  m_AngularYMotion: 1
  m_AngularZMotion: 1
  m_LinearLimitSpring:
    spring: 0
    damper: 0
  m_LinearLimit:
    limit: 0
    bounciness: 0
    contactDistance: 0
  m_AngularXLimitSpring:
    spring: 0
    damper: 0
  m_LowAngularXLimit:
    limit: -15
    bounciness: 0
    contactDistance: 0
  m_HighAngularXLimit:
    limit: 15
    bounciness: 0
    contactDistance: 0
  m_AngularYZLimitSpring:
    spring: 0
    damper: 0
  m_AngularYLimit:
    limit: 20
    bounciness: 0
    contactDistance: 0
  m_AngularZLimit:
    limit: 20
    bounciness: 0
    contactDistance: 0
  m_TargetPosition: {x: 0, y: 0, z: 0}
  m_TargetVelocity: {x: 0, y: 0, z: 0}
  m_XDrive:
    serializedVersion: 3
    positionSpring: 0
    positionDamper: 0
    maximumForce: 3.4028233e+38
  m_YDrive:
    serializedVersion: 3
    positionSpring: 0
    positionDamper: 0
    maximumForce: 3.4028233e+38
  m_ZDrive:
    serializedVersion: 3
    positionSpring: 0
    positionDamper: 0
    maximumForce: 3.4028233e+38
  m_TargetRotation: {x: 0, y: 0, z: 0, w: 1}
  m_TargetAngularVelocity: {x: 0, y: 0, z: 0}
  m_RotationDriveMode: 0
  m_AngularXDrive:
    serializedVersion: 3
    positionSpring: 0
    positionDamper: 0
    maximumForce: 3.4028233e+38
  m_AngularYZDrive:
    serializedVersion: 3
    positionSpring: 0
    positionDamper: 0
    maximumForce: 3.4028233e+38
  m_SlerpDrive:
    serializedVersion: 3
    positionSpring: 0
    positionDamper: 0
    maximumForce: 3.4028233e+38
  m_ProjectionMode: 0
  m_ProjectionDistance: 0.1
  m_ProjectionAngle: 180
  m_ConfiguredInWorldSpace: 0
  m_SwapBodies: 0
  m_BreakForce: Infinity
  m_BreakTorque: Infinity
  m_EnableCollision: 0
  m_EnablePreprocessing: 0
  m_MassScale: 1
  m_ConnectedMassScale: 1
--- !u!114 &1927536477
MonoBehaviour:
  m_ObjectHideFlags: 0
  m_CorrespondingSourceObject: {fileID: 0}
  m_PrefabInstance: {fileID: 0}
  m_PrefabAsset: {fileID: 0}
  m_GameObject: {fileID: 1548977998059578006}
  m_Enabled: 1
  m_EditorHideFlags: 0
  m_Script: {fileID: 11500000, guid: 6e73a73bad1ef404c93b005f7674f2e8, type: 3}
  m_Name: 
  m_EditorClassIdentifier: 
  aa: {fileID: 0}
  forceEntryBody: {fileID: 2492858772909862715}
  breakForce: 100
  releventBodies:
  - {fileID: 2492858774176308723}
  - {fileID: 2492858774014172366}
  - {fileID: 2492858774122003416}
  - {fileID: 2492858773288498363}
  - {fileID: 2492858772909862715}
  limbState: 0
  elementRoot: {fileID: 7584768111905837201}
--- !u!54 &2079271007
Rigidbody:
  m_ObjectHideFlags: 0
  m_CorrespondingSourceObject: {fileID: 0}
  m_PrefabInstance: {fileID: 0}
  m_PrefabAsset: {fileID: 0}
  m_GameObject: {fileID: 2087744902427450914}
  serializedVersion: 2
  m_Mass: 1
  m_Drag: 0
  m_AngularDrag: 0.05
  m_UseGravity: 1
  m_IsKinematic: 0
  m_Interpolate: 1
  m_Constraints: 0
  m_CollisionDetection: 0
--- !u!135 &2079271008
SphereCollider:
  m_ObjectHideFlags: 0
  m_CorrespondingSourceObject: {fileID: 0}
  m_PrefabInstance: {fileID: 0}
  m_PrefabAsset: {fileID: 0}
  m_GameObject: {fileID: 2087744902427450914}
  m_Material: {fileID: 0}
  m_IsTrigger: 0
  m_Enabled: 1
  serializedVersion: 2
  m_Radius: 0.05
  m_Center: {x: 0, y: 0, z: 0}
--- !u!153 &2079271006
ConfigurableJoint:
  m_ObjectHideFlags: 0
  m_CorrespondingSourceObject: {fileID: 0}
  m_PrefabInstance: {fileID: 0}
  m_PrefabAsset: {fileID: 0}
  m_GameObject: {fileID: 2087744902427450914}
  m_ConnectedBody: {fileID: 2492858774449517342}
  m_ConnectedArticulationBody: {fileID: 0}
  m_Anchor: {x: 0, y: 0, z: 0}
  m_Axis: {x: 1, y: 0, z: 0}
  m_AutoConfigureConnectedAnchor: 1
  m_ConnectedAnchor: {x: -0.00000002561137, y: 0.10815044, z: 0.000000007450581}
  serializedVersion: 2
  m_SecondaryAxis: {x: 0, y: 1, z: 0}
  m_XMotion: 0
  m_YMotion: 0
  m_ZMotion: 0
  m_AngularXMotion: 2
  m_AngularYMotion: 2
  m_AngularZMotion: 2
  m_LinearLimitSpring:
    spring: 0
    damper: 0
  m_LinearLimit:
    limit: 0
    bounciness: 0
    contactDistance: 0
  m_AngularXLimitSpring:
    spring: 0
    damper: 0
  m_LowAngularXLimit:
    limit: 0
    bounciness: 0
    contactDistance: 0
  m_HighAngularXLimit:
    limit: 0
    bounciness: 0
    contactDistance: 0
  m_AngularYZLimitSpring:
    spring: 0
    damper: 0
  m_AngularYLimit:
    limit: 0
    bounciness: 0
    contactDistance: 0
  m_AngularZLimit:
    limit: 0
    bounciness: 0
    contactDistance: 0
  m_TargetPosition: {x: 0, y: 0, z: 0}
  m_TargetVelocity: {x: 0, y: 0, z: 0}
  m_XDrive:
    serializedVersion: 3
    positionSpring: 0
    positionDamper: 0
    maximumForce: 3.4028233e+38
  m_YDrive:
    serializedVersion: 3
    positionSpring: 0
    positionDamper: 0
    maximumForce: 3.4028233e+38
  m_ZDrive:
    serializedVersion: 3
    positionSpring: 0
    positionDamper: 0
    maximumForce: 3.4028233e+38
  m_TargetRotation: {x: 0, y: 0, z: 0, w: 1}
  m_TargetAngularVelocity: {x: 0, y: 0, z: 0}
  m_RotationDriveMode: 0
  m_AngularXDrive:
    serializedVersion: 3
    positionSpring: 0
    positionDamper: 0
    maximumForce: 3.4028233e+38
  m_AngularYZDrive:
    serializedVersion: 3
    positionSpring: 0
    positionDamper: 0
    maximumForce: 3.4028233e+38
  m_SlerpDrive:
    serializedVersion: 3
    positionSpring: 0
    positionDamper: 0
    maximumForce: 3.4028233e+38
  m_ProjectionMode: 0
  m_ProjectionDistance: 0.1
  m_ProjectionAngle: 180
  m_ConfiguredInWorldSpace: 0
  m_SwapBodies: 0
  m_BreakForce: Infinity
  m_BreakTorque: Infinity
  m_EnableCollision: 0
  m_EnablePreprocessing: 0
  m_MassScale: 1
  m_ConnectedMassScale: 1
--- !u!54 &2492858774191716999
Rigidbody:
  m_ObjectHideFlags: 0
  m_CorrespondingSourceObject: {fileID: 0}
  m_PrefabInstance: {fileID: 0}
  m_PrefabAsset: {fileID: 0}
  m_GameObject: {fileID: 2343925294793086376}
  serializedVersion: 2
  m_Mass: 0.15
  m_Drag: 0
  m_AngularDrag: 0.05
  m_UseGravity: 1
  m_IsKinematic: 0
  m_Interpolate: 1
  m_Constraints: 0
  m_CollisionDetection: 0
--- !u!136 &2492858774191716993
CapsuleCollider:
  m_ObjectHideFlags: 0
  m_CorrespondingSourceObject: {fileID: 0}
  m_PrefabInstance: {fileID: 0}
  m_PrefabAsset: {fileID: 0}
  m_GameObject: {fileID: 2343925294793086376}
  m_Material: {fileID: 0}
  m_IsTrigger: 0
  m_Enabled: 1
  m_Radius: 0.05
  m_Height: 0.2
  m_Direction: 1
  m_Center: {x: 0, y: 0.06, z: 0}
--- !u!153 &2492858774191716998
ConfigurableJoint:
  m_ObjectHideFlags: 0
  m_CorrespondingSourceObject: {fileID: 0}
  m_PrefabInstance: {fileID: 0}
  m_PrefabAsset: {fileID: 0}
  m_GameObject: {fileID: 2343925294793086376}
  m_ConnectedBody: {fileID: 2492858773505889920}
  m_ConnectedArticulationBody: {fileID: 0}
  m_Anchor: {x: 0, y: 0, z: 0}
  m_Axis: {x: 1, y: 0, z: 0}
  m_AutoConfigureConnectedAnchor: 1
  m_ConnectedAnchor: {x: 0.0000000018626451, y: 0.11438575, z: 0.000000007450581}
  serializedVersion: 2
  m_SecondaryAxis: {x: 0, y: 1, z: 0}
  m_XMotion: 0
  m_YMotion: 0
  m_ZMotion: 0
  m_AngularXMotion: 2
  m_AngularYMotion: 0
  m_AngularZMotion: 2
  m_LinearLimitSpring:
    spring: 0
    damper: 0
  m_LinearLimit:
    limit: 0
    bounciness: 0
    contactDistance: 0
  m_AngularXLimitSpring:
    spring: 0
    damper: 0
  m_LowAngularXLimit:
    limit: 0
    bounciness: 0
    contactDistance: 0
  m_HighAngularXLimit:
    limit: 0
    bounciness: 0
    contactDistance: 0
  m_AngularYZLimitSpring:
    spring: 0
    damper: 0
  m_AngularYLimit:
    limit: 0
    bounciness: 0
    contactDistance: 0
  m_AngularZLimit:
    limit: 0
    bounciness: 0
    contactDistance: 0
  m_TargetPosition: {x: 0, y: 0, z: 0}
  m_TargetVelocity: {x: 0, y: 0, z: 0}
  m_XDrive:
    serializedVersion: 3
    positionSpring: 0
    positionDamper: 0
    maximumForce: 3.4028233e+38
  m_YDrive:
    serializedVersion: 3
    positionSpring: 0
    positionDamper: 0
    maximumForce: 3.4028233e+38
  m_ZDrive:
    serializedVersion: 3
    positionSpring: 0
    positionDamper: 0
    maximumForce: 3.4028233e+38
  m_TargetRotation: {x: 0, y: 0, z: 0, w: 1}
  m_TargetAngularVelocity: {x: 0, y: 0, z: 0}
  m_RotationDriveMode: 0
  m_AngularXDrive:
    serializedVersion: 3
    positionSpring: 0
    positionDamper: 0
    maximumForce: 3.4028233e+38
  m_AngularYZDrive:
    serializedVersion: 3
    positionSpring: 0
    positionDamper: 0
    maximumForce: 3.4028233e+38
  m_SlerpDrive:
    serializedVersion: 3
    positionSpring: 0
    positionDamper: 0
    maximumForce: 3.4028233e+38
  m_ProjectionMode: 0
  m_ProjectionDistance: 0.1
  m_ProjectionAngle: 180
  m_ConfiguredInWorldSpace: 0
  m_SwapBodies: 0
  m_BreakForce: Infinity
  m_BreakTorque: Infinity
  m_EnableCollision: 0
  m_EnablePreprocessing: 0
  m_MassScale: 1
  m_ConnectedMassScale: 1
--- !u!1 &2492858772423445579
GameObject:
  m_ObjectHideFlags: 0
  m_CorrespondingSourceObject: {fileID: 0}
  m_PrefabInstance: {fileID: 0}
  m_PrefabAsset: {fileID: 0}
  serializedVersion: 6
  m_Component:
  - component: {fileID: 2492858772423445578}
  - component: {fileID: 1339151772}
  m_Layer: 0
  m_Name: GameObject
  m_TagString: Untagged
  m_Icon: {fileID: 0}
  m_NavMeshLayer: 0
  m_StaticEditorFlags: 0
  m_IsActive: 1
--- !u!4 &2492858772423445578
Transform:
  m_ObjectHideFlags: 0
  m_CorrespondingSourceObject: {fileID: 0}
  m_PrefabInstance: {fileID: 0}
  m_PrefabAsset: {fileID: 0}
  m_GameObject: {fileID: 2492858772423445579}
  m_LocalRotation: {x: 0, y: 0, z: 0, w: 1}
  m_LocalPosition: {x: 0, y: 0, z: 0}
  m_LocalScale: {x: 1, y: 1, z: 1}
  m_Children:
  - {fileID: 2671426939026044810}
  - {fileID: 2671426939529850885}
  m_Father: {fileID: 0}
  m_RootOrder: 0
  m_LocalEulerAnglesHint: {x: 0, y: 0, z: 0}
--- !u!114 &1339151772
MonoBehaviour:
  m_ObjectHideFlags: 0
  m_CorrespondingSourceObject: {fileID: 0}
  m_PrefabInstance: {fileID: 0}
  m_PrefabAsset: {fileID: 0}
  m_GameObject: {fileID: 2492858772423445579}
  m_Enabled: 1
  m_EditorHideFlags: 0
  m_Script: {fileID: 11500000, guid: bdcc9534dc5893a4f98c4538a16b0d0c, type: 3}
  m_Name: 
  m_EditorClassIdentifier: 
  driveRelax: 5000
  drivePull: 100
  driveTorn: 0
  targetRoot: {fileID: 2671426939529850885}
  animatedRoot: {fileID: 2671426939026044810}
  projectionAngle: 25
  projectionDistance: 0.02
  jointList: []
--- !u!54 &2492858773505889920
Rigidbody:
  m_ObjectHideFlags: 0
  m_CorrespondingSourceObject: {fileID: 0}
  m_PrefabInstance: {fileID: 0}
  m_PrefabAsset: {fileID: 0}
  m_GameObject: {fileID: 2502027535612729623}
  serializedVersion: 2
  m_Mass: 0.15
  m_Drag: 0
  m_AngularDrag: 0.05
  m_UseGravity: 1
  m_IsKinematic: 0
  m_Interpolate: 1
  m_Constraints: 0
  m_CollisionDetection: 0
--- !u!136 &2492858773505889922
CapsuleCollider:
  m_ObjectHideFlags: 0
  m_CorrespondingSourceObject: {fileID: 0}
  m_PrefabInstance: {fileID: 0}
  m_PrefabAsset: {fileID: 0}
  m_GameObject: {fileID: 2502027535612729623}
  m_Material: {fileID: 0}
  m_IsTrigger: 0
  m_Enabled: 1
  m_Radius: 0.05
  m_Height: 0.2
  m_Direction: 1
  m_Center: {x: 0, y: 0.06, z: 0}
--- !u!153 &2492858773505889923
ConfigurableJoint:
  m_ObjectHideFlags: 0
  m_CorrespondingSourceObject: {fileID: 0}
  m_PrefabInstance: {fileID: 0}
  m_PrefabAsset: {fileID: 0}
  m_GameObject: {fileID: 2502027535612729623}
  m_ConnectedBody: {fileID: 2492858774014172366}
  m_ConnectedArticulationBody: {fileID: 0}
  m_Anchor: {x: 0, y: 0, z: 0}
  m_Axis: {x: 1, y: 0, z: 0}
  m_AutoConfigureConnectedAnchor: 1
  m_ConnectedAnchor: {x: 0.052831504, y: 0.06214244, z: -0.0007921448}
  serializedVersion: 2
  m_SecondaryAxis: {x: 0, y: 1, z: 0}
  m_XMotion: 0
  m_YMotion: 0
  m_ZMotion: 0
  m_AngularXMotion: 2
  m_AngularYMotion: 2
  m_AngularZMotion: 0
  m_LinearLimitSpring:
    spring: 0
    damper: 0
  m_LinearLimit:
    limit: 0
    bounciness: 0
    contactDistance: 0
  m_AngularXLimitSpring:
    spring: 0
    damper: 0
  m_LowAngularXLimit:
    limit: 0
    bounciness: 0
    contactDistance: 0
  m_HighAngularXLimit:
    limit: 0
    bounciness: 0
    contactDistance: 0
  m_AngularYZLimitSpring:
    spring: 0
    damper: 0
  m_AngularYLimit:
    limit: 0
    bounciness: 0
    contactDistance: 0
  m_AngularZLimit:
    limit: 0
    bounciness: 0
    contactDistance: 0
  m_TargetPosition: {x: 0, y: 0, z: 0}
  m_TargetVelocity: {x: 0, y: 0, z: 0}
  m_XDrive:
    serializedVersion: 3
    positionSpring: 0
    positionDamper: 0
    maximumForce: 3.4028233e+38
  m_YDrive:
    serializedVersion: 3
    positionSpring: 0
    positionDamper: 0
    maximumForce: 3.4028233e+38
  m_ZDrive:
    serializedVersion: 3
    positionSpring: 0
    positionDamper: 0
    maximumForce: 3.4028233e+38
  m_TargetRotation: {x: 0, y: 0, z: 0, w: 1}
  m_TargetAngularVelocity: {x: 0, y: 0, z: 0}
  m_RotationDriveMode: 0
  m_AngularXDrive:
    serializedVersion: 3
    positionSpring: 0
    positionDamper: 0
    maximumForce: 3.4028233e+38
  m_AngularYZDrive:
    serializedVersion: 3
    positionSpring: 0
    positionDamper: 0
    maximumForce: 3.4028233e+38
  m_SlerpDrive:
    serializedVersion: 3
    positionSpring: 0
    positionDamper: 0
    maximumForce: 3.4028233e+38
  m_ProjectionMode: 0
  m_ProjectionDistance: 0.1
  m_ProjectionAngle: 180
  m_ConfiguredInWorldSpace: 0
  m_SwapBodies: 0
  m_BreakForce: Infinity
  m_BreakTorque: Infinity
  m_EnableCollision: 0
  m_EnablePreprocessing: 0
  m_MassScale: 1
  m_ConnectedMassScale: 1
--- !u!114 &999856380
MonoBehaviour:
  m_ObjectHideFlags: 0
  m_CorrespondingSourceObject: {fileID: 0}
  m_PrefabInstance: {fileID: 0}
  m_PrefabAsset: {fileID: 0}
  m_GameObject: {fileID: 2502027535612729623}
  m_Enabled: 1
  m_EditorHideFlags: 0
  m_Script: {fileID: 11500000, guid: 39214389484c8664885d7e35c28ebb50, type: 3}
  m_Name: 
  m_EditorClassIdentifier: 
  aa: {fileID: 0}
  forceEntryBody: {fileID: 410008413}
  breakForce: 100
  releventBodies:
  - {fileID: 2492858773505889920}
  - {fileID: 2492858774191716999}
  - {fileID: 2492858773419467693}
  - {fileID: 410008413}
  limbState: 0
--- !u!54 &2492858772909862715
Rigidbody:
  m_ObjectHideFlags: 0
  m_CorrespondingSourceObject: {fileID: 0}
  m_PrefabInstance: {fileID: 0}
  m_PrefabAsset: {fileID: 0}
  m_GameObject: {fileID: 3286899043976104420}
  serializedVersion: 2
  m_Mass: 1
  m_Drag: 0
  m_AngularDrag: 0.05
  m_UseGravity: 1
  m_IsKinematic: 0
  m_Interpolate: 1
  m_Constraints: 0
  m_CollisionDetection: 0
--- !u!65 &2492858772909862714
BoxCollider:
  m_ObjectHideFlags: 0
  m_CorrespondingSourceObject: {fileID: 0}
  m_PrefabInstance: {fileID: 0}
  m_PrefabAsset: {fileID: 0}
  m_GameObject: {fileID: 3286899043976104420}
  m_Material: {fileID: 0}
  m_IsTrigger: 0
  m_Enabled: 1
  serializedVersion: 2
  m_Size: {x: 0.3, y: 0.12, z: 0.1}
  m_Center: {x: 0, y: 0, z: 0}
--- !u!153 &2492858772909862712
ConfigurableJoint:
  m_ObjectHideFlags: 0
  m_CorrespondingSourceObject: {fileID: 0}
  m_PrefabInstance: {fileID: 0}
  m_PrefabAsset: {fileID: 0}
  m_GameObject: {fileID: 3286899043976104420}
  m_ConnectedBody: {fileID: 2492858774122003416}
  m_ConnectedArticulationBody: {fileID: 0}
  m_Anchor: {x: 0, y: 0, z: 0}
  m_Axis: {x: 1, y: 0, z: 0}
  m_AutoConfigureConnectedAnchor: 1
  m_ConnectedAnchor: {x: 0, y: -0.123861305, z: -2.220446e-18}
  serializedVersion: 2
  m_SecondaryAxis: {x: 0, y: 1, z: 0}
  m_XMotion: 0
  m_YMotion: 0
  m_ZMotion: 0
  m_AngularXMotion: 1
  m_AngularYMotion: 1
  m_AngularZMotion: 1
  m_LinearLimitSpring:
    spring: 0
    damper: 0
  m_LinearLimit:
    limit: 0
    bounciness: 0
    contactDistance: 0
  m_AngularXLimitSpring:
    spring: 0
    damper: 0
  m_LowAngularXLimit:
    limit: -15
    bounciness: 0
    contactDistance: 0
  m_HighAngularXLimit:
    limit: 15
    bounciness: 0
    contactDistance: 0
  m_AngularYZLimitSpring:
    spring: 0
    damper: 0
  m_AngularYLimit:
    limit: 15
    bounciness: 0
    contactDistance: 0
  m_AngularZLimit:
    limit: 15
    bounciness: 0
    contactDistance: 0
  m_TargetPosition: {x: 0, y: 0, z: 0}
  m_TargetVelocity: {x: 0, y: 0, z: 0}
  m_XDrive:
    serializedVersion: 3
    positionSpring: 0
    positionDamper: 0
    maximumForce: 3.4028233e+38
  m_YDrive:
    serializedVersion: 3
    positionSpring: 0
    positionDamper: 0
    maximumForce: 3.4028233e+38
  m_ZDrive:
    serializedVersion: 3
    positionSpring: 0
    positionDamper: 0
    maximumForce: 3.4028233e+38
  m_TargetRotation: {x: 0, y: 0, z: 0, w: 1}
  m_TargetAngularVelocity: {x: 0, y: 0, z: 0}
  m_RotationDriveMode: 0
  m_AngularXDrive:
    serializedVersion: 3
    positionSpring: 0
    positionDamper: 0
    maximumForce: 3.4028233e+38
  m_AngularYZDrive:
    serializedVersion: 3
    positionSpring: 0
    positionDamper: 0
    maximumForce: 3.4028233e+38
  m_SlerpDrive:
    serializedVersion: 3
    positionSpring: 0
    positionDamper: 0
    maximumForce: 3.4028233e+38
  m_ProjectionMode: 0
  m_ProjectionDistance: 0.1
  m_ProjectionAngle: 180
  m_ConfiguredInWorldSpace: 0
  m_SwapBodies: 0
  m_BreakForce: Infinity
  m_BreakTorque: Infinity
  m_EnableCollision: 0
  m_EnablePreprocessing: 0
  m_MassScale: 1
  m_ConnectedMassScale: 1
--- !u!114 &2492858774452056619
MonoBehaviour:
  m_ObjectHideFlags: 0
  m_CorrespondingSourceObject: {fileID: 0}
  m_PrefabInstance: {fileID: 0}
  m_PrefabAsset: {fileID: 0}
  m_GameObject: {fileID: 3339700638746782399}
  m_Enabled: 1
  m_EditorHideFlags: 0
  m_Script: {fileID: 11500000, guid: b2d8418b0b9634b1892b0268dd9c2743, type: 3}
  m_Name: 
  m_EditorClassIdentifier: 
  boneShape: 1
  drawBones: 1
  drawTripods: 0
  boneSize: 1
  tripodSize: 1
  boneColor: {r: 0.528316, g: 0, b: 1, a: 0.6509804}
  m_Transforms:
  - {fileID: 2671426939529850885}
  - {fileID: 3556050488996371290}
  - {fileID: 7584768111905837201}
  - {fileID: 79940203920009709}
  - {fileID: 4730692061993906483}
  - {fileID: 144388303749564895}
  - {fileID: 8868982809158854464}
  - {fileID: 1910088508248646294}
  - {fileID: 6036815502779099054}
  - {fileID: 7969878286078482740}
  - {fileID: 3092100149104226706}
  - {fileID: 784141352481554758}
  - {fileID: 5565325225253134820}
  - {fileID: 7866235756947301122}
  - {fileID: 3618580512635647978}
  - {fileID: 2849797493691303809}
  - {fileID: 220149231595362074}
  - {fileID: 8270228640265782486}
  - {fileID: 4922198762233440535}
  - {fileID: 8693087538883723821}
  - {fileID: 8715622443363879932}
  - {fileID: 8322162085090878086}
  - {fileID: 6496175781181122152}
  - {fileID: 4658064545921347187}
  - {fileID: 8204946192192850155}
  - {fileID: 75214505621643846}
  - {fileID: 4264281107480143910}
  - {fileID: 0}
  - {fileID: 0}
  - {fileID: 0}
  - {fileID: 0}
  - {fileID: 0}
  - {fileID: 0}
--- !u!54 &2492858773288498363
Rigidbody:
  m_ObjectHideFlags: 0
  m_CorrespondingSourceObject: {fileID: 0}
  m_PrefabInstance: {fileID: 0}
  m_PrefabAsset: {fileID: 0}
  m_GameObject: {fileID: 3972463176703310677}
  serializedVersion: 2
  m_Mass: 1
  m_Drag: 0
  m_AngularDrag: 0.05
  m_UseGravity: 1
  m_IsKinematic: 0
  m_Interpolate: 1
  m_Constraints: 0
  m_CollisionDetection: 0
--- !u!65 &2492858773288498362
BoxCollider:
  m_ObjectHideFlags: 0
  m_CorrespondingSourceObject: {fileID: 0}
  m_PrefabInstance: {fileID: 0}
  m_PrefabAsset: {fileID: 0}
  m_GameObject: {fileID: 3972463176703310677}
  m_Material: {fileID: 0}
  m_IsTrigger: 0
  m_Enabled: 1
  serializedVersion: 2
  m_Size: {x: 0.3, y: 0.08, z: 0.1}
  m_Center: {x: 0, y: 0.04, z: 0}
--- !u!153 &2492858773288498360
ConfigurableJoint:
  m_ObjectHideFlags: 0
  m_CorrespondingSourceObject: {fileID: 0}
  m_PrefabInstance: {fileID: 0}
  m_PrefabAsset: {fileID: 0}
  m_GameObject: {fileID: 3972463176703310677}
  m_ConnectedBody: {fileID: 2492858774122003416}
  m_ConnectedArticulationBody: {fileID: 0}
  m_Anchor: {x: 0, y: 0, z: 0}
  m_Axis: {x: 1, y: 0, z: 0}
  m_AutoConfigureConnectedAnchor: 1
  m_ConnectedAnchor: {x: 0, y: -0.06669455, z: -1.1638571e-10}
  serializedVersion: 2
  m_SecondaryAxis: {x: 0, y: 1, z: 0}
  m_XMotion: 0
  m_YMotion: 0
  m_ZMotion: 0
  m_AngularXMotion: 1
  m_AngularYMotion: 1
  m_AngularZMotion: 1
  m_LinearLimitSpring:
    spring: 0
    damper: 0
  m_LinearLimit:
    limit: 0
    bounciness: 0
    contactDistance: 0
  m_AngularXLimitSpring:
    spring: 0
    damper: 0
  m_LowAngularXLimit:
    limit: -15
    bounciness: 0
    contactDistance: 0
  m_HighAngularXLimit:
    limit: 15
    bounciness: 0
    contactDistance: 0
  m_AngularYZLimitSpring:
    spring: 0
    damper: 0
  m_AngularYLimit:
    limit: 15
    bounciness: 0
    contactDistance: 0
  m_AngularZLimit:
    limit: 15
    bounciness: 0
    contactDistance: 0
  m_TargetPosition: {x: 0, y: 0, z: 0}
  m_TargetVelocity: {x: 0, y: 0, z: 0}
  m_XDrive:
    serializedVersion: 3
    positionSpring: 0
    positionDamper: 0
    maximumForce: 3.4028233e+38
  m_YDrive:
    serializedVersion: 3
    positionSpring: 0
    positionDamper: 0
    maximumForce: 3.4028233e+38
  m_ZDrive:
    serializedVersion: 3
    positionSpring: 0
    positionDamper: 0
    maximumForce: 3.4028233e+38
  m_TargetRotation: {x: 0, y: 0, z: 0, w: 1}
  m_TargetAngularVelocity: {x: 0, y: 0, z: 0}
  m_RotationDriveMode: 0
  m_AngularXDrive:
    serializedVersion: 3
    positionSpring: 0
    positionDamper: 0
    maximumForce: 3.4028233e+38
  m_AngularYZDrive:
    serializedVersion: 3
    positionSpring: 0
    positionDamper: 0
    maximumForce: 3.4028233e+38
  m_SlerpDrive:
    serializedVersion: 3
    positionSpring: 0
    positionDamper: 0
    maximumForce: 3.4028233e+38
  m_ProjectionMode: 0
  m_ProjectionDistance: 0.1
  m_ProjectionAngle: 180
  m_ConfiguredInWorldSpace: 0
  m_SwapBodies: 0
  m_BreakForce: Infinity
  m_BreakTorque: Infinity
  m_EnableCollision: 0
  m_EnablePreprocessing: 0
  m_MassScale: 1
  m_ConnectedMassScale: 1
--- !u!54 &669440191
Rigidbody:
  m_ObjectHideFlags: 0
  m_CorrespondingSourceObject: {fileID: 0}
  m_PrefabInstance: {fileID: 0}
  m_PrefabAsset: {fileID: 0}
  m_GameObject: {fileID: 4722353006777242458}
  serializedVersion: 2
  m_Mass: 0.1
  m_Drag: 0
  m_AngularDrag: 0.05
  m_UseGravity: 1
  m_IsKinematic: 0
  m_Interpolate: 1
  m_Constraints: 0
  m_CollisionDetection: 0
--- !u!135 &669440192
SphereCollider:
  m_ObjectHideFlags: 0
  m_CorrespondingSourceObject: {fileID: 0}
  m_PrefabInstance: {fileID: 0}
  m_PrefabAsset: {fileID: 0}
  m_GameObject: {fileID: 4722353006777242458}
  m_Material: {fileID: 0}
  m_IsTrigger: 0
  m_Enabled: 1
  serializedVersion: 2
  m_Radius: 0.05
  m_Center: {x: 0, y: 0, z: 0}
--- !u!153 &669440193
ConfigurableJoint:
  m_ObjectHideFlags: 0
  m_CorrespondingSourceObject: {fileID: 0}
  m_PrefabInstance: {fileID: 0}
  m_PrefabAsset: {fileID: 0}
  m_GameObject: {fileID: 4722353006777242458}
  m_ConnectedBody: {fileID: 2492858773173823059}
  m_ConnectedArticulationBody: {fileID: 0}
  m_Anchor: {x: 0, y: 0, z: 0}
  m_Axis: {x: 1, y: 0, z: 0}
  m_AutoConfigureConnectedAnchor: 1
  m_ConnectedAnchor: {x: -3.4924597e-10, y: 0.1538462, z: -5.820766e-11}
  serializedVersion: 2
  m_SecondaryAxis: {x: 0, y: 1, z: 0}
  m_XMotion: 0
  m_YMotion: 1
  m_ZMotion: 0
  m_AngularXMotion: 1
  m_AngularYMotion: 1
  m_AngularZMotion: 1
  m_LinearLimitSpring:
    spring: 350
    damper: 5
  m_LinearLimit:
    limit: 0.01
    bounciness: 0.65
    contactDistance: 0
  m_AngularXLimitSpring:
    spring: 0
    damper: 0
  m_LowAngularXLimit:
    limit: -5
    bounciness: 0
    contactDistance: 0
  m_HighAngularXLimit:
    limit: 5
    bounciness: 0
    contactDistance: 0
  m_AngularYZLimitSpring:
    spring: 0
    damper: 0
  m_AngularYLimit:
    limit: 5
    bounciness: 0
    contactDistance: 0
  m_AngularZLimit:
    limit: 5
    bounciness: 0
    contactDistance: 0
  m_TargetPosition: {x: 0, y: 0, z: 0}
  m_TargetVelocity: {x: 0, y: 0, z: 0}
  m_XDrive:
    serializedVersion: 3
    positionSpring: 0
    positionDamper: 0
    maximumForce: 3.4028233e+38
  m_YDrive:
    serializedVersion: 3
    positionSpring: 0
    positionDamper: 0
    maximumForce: 3.4028233e+38
  m_ZDrive:
    serializedVersion: 3
    positionSpring: 0
    positionDamper: 0
    maximumForce: 3.4028233e+38
  m_TargetRotation: {x: 0, y: 0, z: 0, w: 1}
  m_TargetAngularVelocity: {x: 0, y: 0, z: 0}
  m_RotationDriveMode: 0
  m_AngularXDrive:
    serializedVersion: 3
    positionSpring: 0
    positionDamper: 0
    maximumForce: 3.4028233e+38
  m_AngularYZDrive:
    serializedVersion: 3
    positionSpring: 0
    positionDamper: 0
    maximumForce: 3.4028233e+38
  m_SlerpDrive:
    serializedVersion: 3
    positionSpring: 0
    positionDamper: 0
    maximumForce: 3.4028233e+38
  m_ProjectionMode: 0
  m_ProjectionDistance: 0.1
  m_ProjectionAngle: 180
  m_ConfiguredInWorldSpace: 0
  m_SwapBodies: 0
  m_BreakForce: Infinity
  m_BreakTorque: Infinity
  m_EnableCollision: 0
  m_EnablePreprocessing: 0
  m_MassScale: 1
  m_ConnectedMassScale: 1
--- !u!54 &2492858773346621967
Rigidbody:
  m_ObjectHideFlags: 0
  m_CorrespondingSourceObject: {fileID: 0}
  m_PrefabInstance: {fileID: 0}
  m_PrefabAsset: {fileID: 0}
  m_GameObject: {fileID: 5034795979571188874}
  serializedVersion: 2
  m_Mass: 5
  m_Drag: 0
  m_AngularDrag: 0.05
  m_UseGravity: 1
  m_IsKinematic: 0
  m_Interpolate: 1
  m_Constraints: 0
  m_CollisionDetection: 0
--- !u!135 &2492858773346621966
SphereCollider:
  m_ObjectHideFlags: 0
  m_CorrespondingSourceObject: {fileID: 0}
  m_PrefabInstance: {fileID: 0}
  m_PrefabAsset: {fileID: 0}
  m_GameObject: {fileID: 5034795979571188874}
  m_Material: {fileID: 0}
  m_IsTrigger: 0
  m_Enabled: 1
  serializedVersion: 2
  m_Radius: 0.15
  m_Center: {x: 0, y: 0.13, z: 0}
--- !u!138 &2492858773346621964
FixedJoint:
  m_ObjectHideFlags: 0
  m_CorrespondingSourceObject: {fileID: 0}
  m_PrefabInstance: {fileID: 0}
  m_PrefabAsset: {fileID: 0}
  m_GameObject: {fileID: 5034795979571188874}
  m_ConnectedBody: {fileID: 0}
  m_ConnectedArticulationBody: {fileID: 0}
  m_BreakForce: Infinity
  m_BreakTorque: Infinity
  m_EnableCollision: 0
  m_EnablePreprocessing: 0
  m_MassScale: 100
  m_ConnectedMassScale: 10
--- !u!54 &999810279
Rigidbody:
  m_ObjectHideFlags: 0
  m_CorrespondingSourceObject: {fileID: 0}
  m_PrefabInstance: {fileID: 0}
  m_PrefabAsset: {fileID: 0}
  m_GameObject: {fileID: 6271915053443751805}
  serializedVersion: 2
  m_Mass: 0.1
  m_Drag: 0
  m_AngularDrag: 0.05
  m_UseGravity: 1
  m_IsKinematic: 0
  m_Interpolate: 1
  m_Constraints: 0
  m_CollisionDetection: 0
--- !u!135 &999810280
SphereCollider:
  m_ObjectHideFlags: 0
  m_CorrespondingSourceObject: {fileID: 0}
  m_PrefabInstance: {fileID: 0}
  m_PrefabAsset: {fileID: 0}
  m_GameObject: {fileID: 6271915053443751805}
  m_Material: {fileID: 0}
  m_IsTrigger: 0
  m_Enabled: 1
  serializedVersion: 2
  m_Radius: 0.05
  m_Center: {x: 0, y: 0, z: 0}
--- !u!153 &999810281
ConfigurableJoint:
  m_ObjectHideFlags: 0
  m_CorrespondingSourceObject: {fileID: 0}
  m_PrefabInstance: {fileID: 0}
  m_PrefabAsset: {fileID: 0}
  m_GameObject: {fileID: 6271915053443751805}
  m_ConnectedBody: {fileID: 2492858773618987948}
  m_ConnectedArticulationBody: {fileID: 0}
  m_Anchor: {x: 0, y: 0, z: 0}
  m_Axis: {x: 1, y: 0, z: 0}
  m_AutoConfigureConnectedAnchor: 1
  m_ConnectedAnchor: {x: 6.9849193e-10, y: 0.15384625, z: -1.4551915e-10}
  serializedVersion: 2
  m_SecondaryAxis: {x: 0, y: 1, z: 0}
  m_XMotion: 0
  m_YMotion: 1
  m_ZMotion: 0
  m_AngularXMotion: 1
  m_AngularYMotion: 1
  m_AngularZMotion: 1
  m_LinearLimitSpring:
    spring: 350
    damper: 5
  m_LinearLimit:
    limit: 0.01
    bounciness: 0.65
    contactDistance: 0
  m_AngularXLimitSpring:
    spring: 0
    damper: 0
  m_LowAngularXLimit:
    limit: -5
    bounciness: 0
    contactDistance: 0
  m_HighAngularXLimit:
    limit: 5
    bounciness: 0
    contactDistance: 0
  m_AngularYZLimitSpring:
    spring: 0
    damper: 0
  m_AngularYLimit:
    limit: 5
    bounciness: 0
    contactDistance: 0
  m_AngularZLimit:
    limit: 5
    bounciness: 0
    contactDistance: 0
  m_TargetPosition: {x: 0, y: 0, z: 0}
  m_TargetVelocity: {x: 0, y: 0, z: 0}
  m_XDrive:
    serializedVersion: 3
    positionSpring: 0
    positionDamper: 0
    maximumForce: 3.4028233e+38
  m_YDrive:
    serializedVersion: 3
    positionSpring: 0
    positionDamper: 0
    maximumForce: 3.4028233e+38
  m_ZDrive:
    serializedVersion: 3
    positionSpring: 0
    positionDamper: 0
    maximumForce: 3.4028233e+38
  m_TargetRotation: {x: 0, y: 0, z: 0, w: 1}
  m_TargetAngularVelocity: {x: 0, y: 0, z: 0}
  m_RotationDriveMode: 0
  m_AngularXDrive:
    serializedVersion: 3
    positionSpring: 0
    positionDamper: 0
    maximumForce: 3.4028233e+38
  m_AngularYZDrive:
    serializedVersion: 3
    positionSpring: 0
    positionDamper: 0
    maximumForce: 3.4028233e+38
  m_SlerpDrive:
    serializedVersion: 3
    positionSpring: 0
    positionDamper: 0
    maximumForce: 3.4028233e+38
  m_ProjectionMode: 0
  m_ProjectionDistance: 0.1
  m_ProjectionAngle: 180
  m_ConfiguredInWorldSpace: 0
  m_SwapBodies: 0
  m_BreakForce: Infinity
  m_BreakTorque: Infinity
  m_EnableCollision: 0
  m_EnablePreprocessing: 0
  m_MassScale: 1
  m_ConnectedMassScale: 1
--- !u!54 &2492858773232275090
Rigidbody:
  m_ObjectHideFlags: 0
  m_CorrespondingSourceObject: {fileID: 0}
  m_PrefabInstance: {fileID: 0}
  m_PrefabAsset: {fileID: 0}
  m_GameObject: {fileID: 6397101077477483117}
  serializedVersion: 2
  m_Mass: 0.15
  m_Drag: 0
  m_AngularDrag: 0.05
  m_UseGravity: 1
  m_IsKinematic: 0
  m_Interpolate: 1
  m_Constraints: 0
  m_CollisionDetection: 0
--- !u!136 &2492858773232275084
CapsuleCollider:
  m_ObjectHideFlags: 0
  m_CorrespondingSourceObject: {fileID: 0}
  m_PrefabInstance: {fileID: 0}
  m_PrefabAsset: {fileID: 0}
  m_GameObject: {fileID: 6397101077477483117}
  m_Material: {fileID: 0}
  m_IsTrigger: 0
  m_Enabled: 1
  m_Radius: 0.05
  m_Height: 0.2
  m_Direction: 1
  m_Center: {x: 0, y: 0.06, z: 0}
--- !u!153 &2492858773232275085
ConfigurableJoint:
  m_ObjectHideFlags: 0
  m_CorrespondingSourceObject: {fileID: 0}
  m_PrefabInstance: {fileID: 0}
  m_PrefabAsset: {fileID: 0}
  m_GameObject: {fileID: 6397101077477483117}
  m_ConnectedBody: {fileID: 2492858773587611568}
  m_ConnectedArticulationBody: {fileID: 0}
  m_Anchor: {x: 0, y: 0, z: 0}
  m_Axis: {x: 1, y: 0, z: 0}
  m_AutoConfigureConnectedAnchor: 1
  m_ConnectedAnchor: {x: 0.000000008614734, y: 0.114385754, z: -0.000000007450581}
  serializedVersion: 2
  m_SecondaryAxis: {x: 0, y: 1, z: 0}
  m_XMotion: 0
  m_YMotion: 0
  m_ZMotion: 0
  m_AngularXMotion: 2
  m_AngularYMotion: 0
  m_AngularZMotion: 2
  m_LinearLimitSpring:
    spring: 0
    damper: 0
  m_LinearLimit:
    limit: 0
    bounciness: 0
    contactDistance: 0
  m_AngularXLimitSpring:
    spring: 0
    damper: 0
  m_LowAngularXLimit:
    limit: 0
    bounciness: 0
    contactDistance: 0
  m_HighAngularXLimit:
    limit: 0
    bounciness: 0
    contactDistance: 0
  m_AngularYZLimitSpring:
    spring: 0
    damper: 0
  m_AngularYLimit:
    limit: 0
    bounciness: 0
    contactDistance: 0
  m_AngularZLimit:
    limit: 0
    bounciness: 0
    contactDistance: 0
  m_TargetPosition: {x: 0, y: 0, z: 0}
  m_TargetVelocity: {x: 0, y: 0, z: 0}
  m_XDrive:
    serializedVersion: 3
    positionSpring: 0
    positionDamper: 0
    maximumForce: 3.4028233e+38
  m_YDrive:
    serializedVersion: 3
    positionSpring: 0
    positionDamper: 0
    maximumForce: 3.4028233e+38
  m_ZDrive:
    serializedVersion: 3
    positionSpring: 0
    positionDamper: 0
    maximumForce: 3.4028233e+38
  m_TargetRotation: {x: 0, y: 0, z: 0, w: 1}
  m_TargetAngularVelocity: {x: 0, y: 0, z: 0}
  m_RotationDriveMode: 0
  m_AngularXDrive:
    serializedVersion: 3
    positionSpring: 0
    positionDamper: 0
    maximumForce: 3.4028233e+38
  m_AngularYZDrive:
    serializedVersion: 3
    positionSpring: 0
    positionDamper: 0
    maximumForce: 3.4028233e+38
  m_SlerpDrive:
    serializedVersion: 3
    positionSpring: 0
    positionDamper: 0
    maximumForce: 3.4028233e+38
  m_ProjectionMode: 0
  m_ProjectionDistance: 0.1
  m_ProjectionAngle: 180
  m_ConfiguredInWorldSpace: 0
  m_SwapBodies: 0
  m_BreakForce: Infinity
  m_BreakTorque: Infinity
  m_EnableCollision: 0
  m_EnablePreprocessing: 0
  m_MassScale: 1
  m_ConnectedMassScale: 1
--- !u!54 &2492858773419467693
Rigidbody:
  m_ObjectHideFlags: 0
  m_CorrespondingSourceObject: {fileID: 0}
  m_PrefabInstance: {fileID: 0}
  m_PrefabAsset: {fileID: 0}
  m_GameObject: {fileID: 6444481579074643985}
  serializedVersion: 2
  m_Mass: 0.15
  m_Drag: 0
  m_AngularDrag: 0.05
  m_UseGravity: 1
  m_IsKinematic: 0
  m_Interpolate: 1
  m_Constraints: 0
  m_CollisionDetection: 0
--- !u!136 &2492858773419467692
CapsuleCollider:
  m_ObjectHideFlags: 0
  m_CorrespondingSourceObject: {fileID: 0}
  m_PrefabInstance: {fileID: 0}
  m_PrefabAsset: {fileID: 0}
  m_GameObject: {fileID: 6444481579074643985}
  m_Material: {fileID: 0}
  m_IsTrigger: 0
  m_Enabled: 1
  m_Radius: 0.05
  m_Height: 0.2
  m_Direction: 1
  m_Center: {x: 0, y: 0.06, z: 0}
--- !u!153 &2492858773419467698
ConfigurableJoint:
  m_ObjectHideFlags: 0
  m_CorrespondingSourceObject: {fileID: 0}
  m_PrefabInstance: {fileID: 0}
  m_PrefabAsset: {fileID: 0}
  m_GameObject: {fileID: 6444481579074643985}
  m_ConnectedBody: {fileID: 2492858774191716999}
  m_ConnectedArticulationBody: {fileID: 0}
  m_Anchor: {x: 0, y: 0, z: 0}
  m_Axis: {x: 1, y: 0, z: 0}
  m_AutoConfigureConnectedAnchor: 1
  m_ConnectedAnchor: {x: 0.0000000062864274, y: 0.12133579, z: -0.000000007450581}
  serializedVersion: 2
  m_SecondaryAxis: {x: 0, y: 1, z: 0}
  m_XMotion: 0
  m_YMotion: 0
  m_ZMotion: 0
  m_AngularXMotion: 2
  m_AngularYMotion: 0
  m_AngularZMotion: 2
  m_LinearLimitSpring:
    spring: 0
    damper: 0
  m_LinearLimit:
    limit: 0
    bounciness: 0
    contactDistance: 0
  m_AngularXLimitSpring:
    spring: 0
    damper: 0
  m_LowAngularXLimit:
    limit: 0
    bounciness: 0
    contactDistance: 0
  m_HighAngularXLimit:
    limit: 0
    bounciness: 0
    contactDistance: 0
  m_AngularYZLimitSpring:
    spring: 0
    damper: 0
  m_AngularYLimit:
    limit: 0
    bounciness: 0
    contactDistance: 0
  m_AngularZLimit:
    limit: 0
    bounciness: 0
    contactDistance: 0
  m_TargetPosition: {x: 0, y: 0, z: 0}
  m_TargetVelocity: {x: 0, y: 0, z: 0}
  m_XDrive:
    serializedVersion: 3
    positionSpring: 0
    positionDamper: 0
    maximumForce: 3.4028233e+38
  m_YDrive:
    serializedVersion: 3
    positionSpring: 0
    positionDamper: 0
    maximumForce: 3.4028233e+38
  m_ZDrive:
    serializedVersion: 3
    positionSpring: 0
    positionDamper: 0
    maximumForce: 3.4028233e+38
  m_TargetRotation: {x: 0, y: 0, z: 0, w: 1}
  m_TargetAngularVelocity: {x: 0, y: 0, z: 0}
  m_RotationDriveMode: 0
  m_AngularXDrive:
    serializedVersion: 3
    positionSpring: 0
    positionDamper: 0
    maximumForce: 3.4028233e+38
  m_AngularYZDrive:
    serializedVersion: 3
    positionSpring: 0
    positionDamper: 0
    maximumForce: 3.4028233e+38
  m_SlerpDrive:
    serializedVersion: 3
    positionSpring: 0
    positionDamper: 0
    maximumForce: 3.4028233e+38
  m_ProjectionMode: 0
  m_ProjectionDistance: 0.1
  m_ProjectionAngle: 180
  m_ConfiguredInWorldSpace: 0
  m_SwapBodies: 0
  m_BreakForce: Infinity
  m_BreakTorque: Infinity
  m_EnableCollision: 0
  m_EnablePreprocessing: 0
  m_MassScale: 1
  m_ConnectedMassScale: 1
--- !u!54 &2492858774122003416
Rigidbody:
  m_ObjectHideFlags: 0
  m_CorrespondingSourceObject: {fileID: 0}
  m_PrefabInstance: {fileID: 0}
  m_PrefabAsset: {fileID: 0}
  m_GameObject: {fileID: 6896040938722720745}
  serializedVersion: 2
  m_Mass: 0.5
  m_Drag: 0
  m_AngularDrag: 0.05
  m_UseGravity: 1
  m_IsKinematic: 0
  m_Interpolate: 1
  m_Constraints: 0
  m_CollisionDetection: 0
--- !u!65 &2492858774122003418
BoxCollider:
  m_ObjectHideFlags: 0
  m_CorrespondingSourceObject: {fileID: 0}
  m_PrefabInstance: {fileID: 0}
  m_PrefabAsset: {fileID: 0}
  m_GameObject: {fileID: 6896040938722720745}
  m_Material: {fileID: 0}
  m_IsTrigger: 0
  m_Enabled: 1
  serializedVersion: 2
  m_Size: {x: 0.3, y: 0.08, z: 0.1}
  m_Center: {x: 0, y: 0.05, z: 0}
--- !u!153 &2492858774122003419
ConfigurableJoint:
  m_ObjectHideFlags: 0
  m_CorrespondingSourceObject: {fileID: 0}
  m_PrefabInstance: {fileID: 0}
  m_PrefabAsset: {fileID: 0}
  m_GameObject: {fileID: 6896040938722720745}
  m_ConnectedBody: {fileID: 2492858774014172366}
  m_ConnectedArticulationBody: {fileID: 0}
  m_Anchor: {x: 0, y: 0, z: 0}
  m_Axis: {x: 1, y: 0, z: 0}
  m_AutoConfigureConnectedAnchor: 1
  m_ConnectedAnchor: {x: 0, y: -0.07622237, z: -2.3283064e-10}
  serializedVersion: 2
  m_SecondaryAxis: {x: 0, y: 1, z: 0}
  m_XMotion: 0
  m_YMotion: 0
  m_ZMotion: 0
  m_AngularXMotion: 1
  m_AngularYMotion: 1
  m_AngularZMotion: 1
  m_LinearLimitSpring:
    spring: 0
    damper: 0
  m_LinearLimit:
    limit: 0
    bounciness: 0
    contactDistance: 0
  m_AngularXLimitSpring:
    spring: 0
    damper: 0
  m_LowAngularXLimit:
    limit: -15
    bounciness: 0
    contactDistance: 0
  m_HighAngularXLimit:
    limit: 15
    bounciness: 0
    contactDistance: 0
  m_AngularYZLimitSpring:
    spring: 0
    damper: 0
  m_AngularYLimit:
    limit: 15
    bounciness: 0
    contactDistance: 0
  m_AngularZLimit:
    limit: 15
    bounciness: 0
    contactDistance: 0
  m_TargetPosition: {x: 0, y: 0, z: 0}
  m_TargetVelocity: {x: 0, y: 0, z: 0}
  m_XDrive:
    serializedVersion: 3
    positionSpring: 0
    positionDamper: 0
    maximumForce: 3.4028233e+38
  m_YDrive:
    serializedVersion: 3
    positionSpring: 0
    positionDamper: 0
    maximumForce: 3.4028233e+38
  m_ZDrive:
    serializedVersion: 3
    positionSpring: 0
    positionDamper: 0
    maximumForce: 3.4028233e+38
  m_TargetRotation: {x: 0, y: 0, z: 0, w: 1}
  m_TargetAngularVelocity: {x: 0, y: 0, z: 0}
  m_RotationDriveMode: 0
  m_AngularXDrive:
    serializedVersion: 3
    positionSpring: 0
    positionDamper: 0
    maximumForce: 3.4028233e+38
  m_AngularYZDrive:
    serializedVersion: 3
    positionSpring: 0
    positionDamper: 0
    maximumForce: 3.4028233e+38
  m_SlerpDrive:
    serializedVersion: 3
    positionSpring: 0
    positionDamper: 0
    maximumForce: 3.4028233e+38
  m_ProjectionMode: 0
  m_ProjectionDistance: 0.1
  m_ProjectionAngle: 180
  m_ConfiguredInWorldSpace: 0
  m_SwapBodies: 0
  m_BreakForce: Infinity
  m_BreakTorque: Infinity
  m_EnableCollision: 0
  m_EnablePreprocessing: 0
  m_MassScale: 1
  m_ConnectedMassScale: 1
--- !u!54 &2492858773618987948
Rigidbody:
  m_ObjectHideFlags: 0
  m_CorrespondingSourceObject: {fileID: 0}
  m_PrefabInstance: {fileID: 0}
  m_PrefabAsset: {fileID: 0}
  m_GameObject: {fileID: 7009654742445521574}
  serializedVersion: 2
  m_Mass: 0.14
  m_Drag: 0
  m_AngularDrag: 0.05
  m_UseGravity: 1
  m_IsKinematic: 0
  m_Interpolate: 1
  m_Constraints: 0
  m_CollisionDetection: 0
--- !u!136 &2492858773618987951
CapsuleCollider:
  m_ObjectHideFlags: 0
  m_CorrespondingSourceObject: {fileID: 0}
  m_PrefabInstance: {fileID: 0}
  m_PrefabAsset: {fileID: 0}
  m_GameObject: {fileID: 7009654742445521574}
  m_Material: {fileID: 0}
  m_IsTrigger: 0
  m_Enabled: 1
  m_Radius: 0.05
  m_Height: 0.2
  m_Direction: 1
  m_Center: {x: 0, y: 0.08, z: 0}
--- !u!153 &2492858773618987949
ConfigurableJoint:
  m_ObjectHideFlags: 0
  m_CorrespondingSourceObject: {fileID: 0}
  m_PrefabInstance: {fileID: 0}
  m_PrefabAsset: {fileID: 0}
  m_GameObject: {fileID: 7009654742445521574}
  m_ConnectedBody: {fileID: 2492858773591354727}
  m_ConnectedArticulationBody: {fileID: 0}
  m_Anchor: {x: 0, y: 0, z: 0}
  m_Axis: {x: 1, y: 0, z: 0}
  m_AutoConfigureConnectedAnchor: 1
  m_ConnectedAnchor: {x: 4.656613e-10, y: 0.17891951, z: 2.910383e-10}
  serializedVersion: 2
  m_SecondaryAxis: {x: 0, y: 1, z: 0}
  m_XMotion: 0
  m_YMotion: 1
  m_ZMotion: 0
  m_AngularXMotion: 1
  m_AngularYMotion: 1
  m_AngularZMotion: 1
  m_LinearLimitSpring:
    spring: 350
    damper: 5
  m_LinearLimit:
    limit: 0.01
    bounciness: 0.65
    contactDistance: 0
  m_AngularXLimitSpring:
    spring: 0
    damper: 0
  m_LowAngularXLimit:
    limit: -10
    bounciness: 0
    contactDistance: 0
  m_HighAngularXLimit:
    limit: 125
    bounciness: 0
    contactDistance: 0
  m_AngularYZLimitSpring:
    spring: 0
    damper: 0
  m_AngularYLimit:
    limit: 10
    bounciness: 0
    contactDistance: 0
  m_AngularZLimit:
    limit: 20
    bounciness: 0
    contactDistance: 0
  m_TargetPosition: {x: 0, y: 0, z: 0}
  m_TargetVelocity: {x: 0, y: 0, z: 0}
  m_XDrive:
    serializedVersion: 3
    positionSpring: 0
    positionDamper: 0
    maximumForce: 3.4028233e+38
  m_YDrive:
    serializedVersion: 3
    positionSpring: 0
    positionDamper: 0
    maximumForce: 3.4028233e+38
  m_ZDrive:
    serializedVersion: 3
    positionSpring: 0
    positionDamper: 0
    maximumForce: 3.4028233e+38
  m_TargetRotation: {x: 0, y: 0, z: 0, w: 1}
  m_TargetAngularVelocity: {x: 0, y: 0, z: 0}
  m_RotationDriveMode: 0
  m_AngularXDrive:
    serializedVersion: 3
    positionSpring: 0
    positionDamper: 0
    maximumForce: 3.4028233e+38
  m_AngularYZDrive:
    serializedVersion: 3
    positionSpring: 0
    positionDamper: 0
    maximumForce: 3.4028233e+38
  m_SlerpDrive:
    serializedVersion: 3
    positionSpring: 0
    positionDamper: 0
    maximumForce: 3.4028233e+38
  m_ProjectionMode: 0
  m_ProjectionDistance: 0.1
  m_ProjectionAngle: 180
  m_ConfiguredInWorldSpace: 0
  m_SwapBodies: 0
  m_BreakForce: Infinity
  m_BreakTorque: Infinity
  m_EnableCollision: 0
  m_EnablePreprocessing: 0
  m_MassScale: 1
  m_ConnectedMassScale: 1
--- !u!54 &2492858774014172366
Rigidbody:
  m_ObjectHideFlags: 0
  m_CorrespondingSourceObject: {fileID: 0}
  m_PrefabInstance: {fileID: 0}
  m_PrefabAsset: {fileID: 0}
  m_GameObject: {fileID: 7803978758096841011}
  serializedVersion: 2
  m_Mass: 0.25
  m_Drag: 0
  m_AngularDrag: 0.05
  m_UseGravity: 1
  m_IsKinematic: 0
  m_Interpolate: 1
  m_Constraints: 0
  m_CollisionDetection: 0
--- !u!65 &2492858774014172360
BoxCollider:
  m_ObjectHideFlags: 0
  m_CorrespondingSourceObject: {fileID: 0}
  m_PrefabInstance: {fileID: 0}
  m_PrefabAsset: {fileID: 0}
  m_GameObject: {fileID: 7803978758096841011}
  m_Material: {fileID: 0}
  m_IsTrigger: 0
  m_Enabled: 1
  serializedVersion: 2
  m_Size: {x: 0.15, y: 0.1, z: 0.1}
  m_Center: {x: 0, y: 0.06, z: 0}
--- !u!153 &2492858774014172361
ConfigurableJoint:
  m_ObjectHideFlags: 0
  m_CorrespondingSourceObject: {fileID: 0}
  m_PrefabInstance: {fileID: 0}
  m_PrefabAsset: {fileID: 0}
  m_GameObject: {fileID: 7803978758096841011}
  m_ConnectedBody: {fileID: 2492858774176308723}
  m_ConnectedArticulationBody: {fileID: 0}
  m_Anchor: {x: 0, y: 0, z: 0}
  m_Axis: {x: 1, y: 0, z: 0}
  m_AutoConfigureConnectedAnchor: 1
  m_ConnectedAnchor: {x: 0, y: -0.08572828, z: 0.0019340606}
  serializedVersion: 2
  m_SecondaryAxis: {x: 0, y: 1, z: 0}
  m_XMotion: 0
  m_YMotion: 0
  m_ZMotion: 0
  m_AngularXMotion: 1
  m_AngularYMotion: 1
  m_AngularZMotion: 1
  m_LinearLimitSpring:
    spring: 0
    damper: 0
  m_LinearLimit:
    limit: 0
    bounciness: 0
    contactDistance: 0
  m_AngularXLimitSpring:
    spring: 0
    damper: 0
  m_LowAngularXLimit:
    limit: -15
    bounciness: 0
    contactDistance: 0
  m_HighAngularXLimit:
    limit: 15
    bounciness: 0
    contactDistance: 0
  m_AngularYZLimitSpring:
    spring: 0
    damper: 0
  m_AngularYLimit:
    limit: 15
    bounciness: 0
    contactDistance: 0
  m_AngularZLimit:
    limit: 15
    bounciness: 0
    contactDistance: 0
  m_TargetPosition: {x: 0, y: 0, z: 0}
  m_TargetVelocity: {x: 0, y: 0, z: 0}
  m_XDrive:
    serializedVersion: 3
    positionSpring: 0
    positionDamper: 0
    maximumForce: 3.4028233e+38
  m_YDrive:
    serializedVersion: 3
    positionSpring: 0
    positionDamper: 0
    maximumForce: 3.4028233e+38
  m_ZDrive:
    serializedVersion: 3
    positionSpring: 0
    positionDamper: 0
    maximumForce: 3.4028233e+38
  m_TargetRotation: {x: 0, y: 0, z: 0, w: 1}
  m_TargetAngularVelocity: {x: 0, y: 0, z: 0}
  m_RotationDriveMode: 0
  m_AngularXDrive:
    serializedVersion: 3
    positionSpring: 0
    positionDamper: 0
    maximumForce: 3.4028233e+38
  m_AngularYZDrive:
    serializedVersion: 3
    positionSpring: 0
    positionDamper: 0
    maximumForce: 3.4028233e+38
  m_SlerpDrive:
    serializedVersion: 3
    positionSpring: 0
    positionDamper: 0
    maximumForce: 3.4028233e+38
  m_ProjectionMode: 0
  m_ProjectionDistance: 0.1
  m_ProjectionAngle: 180
  m_ConfiguredInWorldSpace: 0
  m_SwapBodies: 0
  m_BreakForce: Infinity
  m_BreakTorque: Infinity
  m_EnableCollision: 0
  m_EnablePreprocessing: 0
  m_MassScale: 1
  m_ConnectedMassScale: 1
--- !u!54 &2492858773591354727
Rigidbody:
  m_ObjectHideFlags: 0
  m_CorrespondingSourceObject: {fileID: 0}
  m_PrefabInstance: {fileID: 0}
  m_PrefabAsset: {fileID: 0}
  m_GameObject: {fileID: 8625148756614423397}
  serializedVersion: 2
  m_Mass: 0.25
  m_Drag: 0
  m_AngularDrag: 0.05
  m_UseGravity: 1
  m_IsKinematic: 0
  m_Interpolate: 1
  m_Constraints: 0
  m_CollisionDetection: 0
--- !u!136 &2492858773591354721
CapsuleCollider:
  m_ObjectHideFlags: 0
  m_CorrespondingSourceObject: {fileID: 0}
  m_PrefabInstance: {fileID: 0}
  m_PrefabAsset: {fileID: 0}
  m_GameObject: {fileID: 8625148756614423397}
  m_Material: {fileID: 0}
  m_IsTrigger: 0
  m_Enabled: 1
  m_Radius: 0.05
  m_Height: 0.2
  m_Direction: 1
  m_Center: {x: 0, y: 0.08, z: 0}
--- !u!153 &2492858773591354726
ConfigurableJoint:
  m_ObjectHideFlags: 0
  m_CorrespondingSourceObject: {fileID: 0}
  m_PrefabInstance: {fileID: 0}
  m_PrefabAsset: {fileID: 0}
  m_GameObject: {fileID: 8625148756614423397}
  m_ConnectedBody: {fileID: 2492858772909862715}
  m_ConnectedArticulationBody: {fileID: 0}
  m_Anchor: {x: 0, y: 0, z: 0}
  m_Axis: {x: 1, y: 0, z: 0}
  m_AutoConfigureConnectedAnchor: 1
  m_ConnectedAnchor: {x: 0.06524234, y: -0.031727135, z: -0.00693267}
  serializedVersion: 2
  m_SecondaryAxis: {x: 0, y: 1, z: 0}
  m_XMotion: 0
  m_YMotion: 0
  m_ZMotion: 0
  m_AngularXMotion: 2
  m_AngularYMotion: 2
  m_AngularZMotion: 2
  m_LinearLimitSpring:
    spring: 0
    damper: 0
  m_LinearLimit:
    limit: 0
    bounciness: 0
    contactDistance: 0
  m_AngularXLimitSpring:
    spring: 0
    damper: 0
  m_LowAngularXLimit:
    limit: 0
    bounciness: 0
    contactDistance: 0
  m_HighAngularXLimit:
    limit: 0
    bounciness: 0
    contactDistance: 0
  m_AngularYZLimitSpring:
    spring: 0
    damper: 0
  m_AngularYLimit:
    limit: 0
    bounciness: 0
    contactDistance: 0
  m_AngularZLimit:
    limit: 0
    bounciness: 0
    contactDistance: 0
  m_TargetPosition: {x: 0, y: 0, z: 0}
  m_TargetVelocity: {x: 0, y: 0, z: 0}
  m_XDrive:
    serializedVersion: 3
    positionSpring: 0
    positionDamper: 0
    maximumForce: 3.4028233e+38
  m_YDrive:
    serializedVersion: 3
    positionSpring: 0
    positionDamper: 0
    maximumForce: 3.4028233e+38
  m_ZDrive:
    serializedVersion: 3
    positionSpring: 0
    positionDamper: 0
    maximumForce: 3.4028233e+38
  m_TargetRotation: {x: 0, y: 0, z: 0, w: 1}
  m_TargetAngularVelocity: {x: 0, y: 0, z: 0}
  m_RotationDriveMode: 0
  m_AngularXDrive:
    serializedVersion: 3
    positionSpring: 0
    positionDamper: 0
    maximumForce: 3.4028233e+38
  m_AngularYZDrive:
    serializedVersion: 3
    positionSpring: 0
    positionDamper: 0
    maximumForce: 3.4028233e+38
  m_SlerpDrive:
    serializedVersion: 3
    positionSpring: 0
    positionDamper: 0
    maximumForce: 3.4028233e+38
  m_ProjectionMode: 0
  m_ProjectionDistance: 0.1
  m_ProjectionAngle: 180
  m_ConfiguredInWorldSpace: 0
  m_SwapBodies: 0
  m_BreakForce: Infinity
  m_BreakTorque: Infinity
  m_EnableCollision: 0
  m_EnablePreprocessing: 0
  m_MassScale: 1
  m_ConnectedMassScale: 1
--- !u!114 &905417893
MonoBehaviour:
  m_ObjectHideFlags: 0
  m_CorrespondingSourceObject: {fileID: 0}
  m_PrefabInstance: {fileID: 0}
  m_PrefabAsset: {fileID: 0}
  m_GameObject: {fileID: 8625148756614423397}
  m_Enabled: 1
  m_EditorHideFlags: 0
  m_Script: {fileID: 11500000, guid: 39214389484c8664885d7e35c28ebb50, type: 3}
  m_Name: 
  m_EditorClassIdentifier: 
  aa: {fileID: 0}
  forceEntryBody: {fileID: 999810279}
  breakForce: 110
  releventBodies:
  - {fileID: 2492858773591354727}
  - {fileID: 2492858773618987948}
  - {fileID: 999810279}
  limbState: 0
--- !u!1001 &2492858773147260910
PrefabInstance:
  m_ObjectHideFlags: 0
  serializedVersion: 2
  m_Modification:
    m_TransformParent: {fileID: 2492858772423445578}
    m_Modifications:
    - target: {fileID: -9070493210130169274, guid: 15a9037d5cf2eaa49a1e49acdd29d0e2, type: 3}
      propertyPath: m_Layer
      value: 7
      objectReference: {fileID: 0}
    - target: {fileID: -8679921383154817045, guid: 15a9037d5cf2eaa49a1e49acdd29d0e2, type: 3}
      propertyPath: m_RootOrder
      value: 1
      objectReference: {fileID: 0}
    - target: {fileID: -8679921383154817045, guid: 15a9037d5cf2eaa49a1e49acdd29d0e2, type: 3}
      propertyPath: m_LocalPosition.x
      value: 0
      objectReference: {fileID: 0}
    - target: {fileID: -8679921383154817045, guid: 15a9037d5cf2eaa49a1e49acdd29d0e2, type: 3}
      propertyPath: m_LocalPosition.y
      value: 0
      objectReference: {fileID: 0}
    - target: {fileID: -8679921383154817045, guid: 15a9037d5cf2eaa49a1e49acdd29d0e2, type: 3}
      propertyPath: m_LocalPosition.z
      value: 0
      objectReference: {fileID: 0}
    - target: {fileID: -8679921383154817045, guid: 15a9037d5cf2eaa49a1e49acdd29d0e2, type: 3}
      propertyPath: m_LocalRotation.w
      value: 1
      objectReference: {fileID: 0}
    - target: {fileID: -8679921383154817045, guid: 15a9037d5cf2eaa49a1e49acdd29d0e2, type: 3}
      propertyPath: m_LocalRotation.x
      value: 0
      objectReference: {fileID: 0}
    - target: {fileID: -8679921383154817045, guid: 15a9037d5cf2eaa49a1e49acdd29d0e2, type: 3}
      propertyPath: m_LocalRotation.y
      value: 0
      objectReference: {fileID: 0}
    - target: {fileID: -8679921383154817045, guid: 15a9037d5cf2eaa49a1e49acdd29d0e2, type: 3}
      propertyPath: m_LocalRotation.z
      value: 0
      objectReference: {fileID: 0}
    - target: {fileID: -8679921383154817045, guid: 15a9037d5cf2eaa49a1e49acdd29d0e2, type: 3}
      propertyPath: m_LocalEulerAnglesHint.x
      value: 0
      objectReference: {fileID: 0}
    - target: {fileID: -8679921383154817045, guid: 15a9037d5cf2eaa49a1e49acdd29d0e2, type: 3}
      propertyPath: m_LocalEulerAnglesHint.y
      value: 0
      objectReference: {fileID: 0}
    - target: {fileID: -8679921383154817045, guid: 15a9037d5cf2eaa49a1e49acdd29d0e2, type: 3}
      propertyPath: m_LocalEulerAnglesHint.z
      value: 0
      objectReference: {fileID: 0}
    - target: {fileID: -7988468677212183585, guid: 15a9037d5cf2eaa49a1e49acdd29d0e2, type: 3}
      propertyPath: m_Quality
      value: 4
      objectReference: {fileID: 0}
    - target: {fileID: -7988468677212183585, guid: 15a9037d5cf2eaa49a1e49acdd29d0e2, type: 3}
      propertyPath: m_DynamicOccludee
      value: 0
      objectReference: {fileID: 0}
    - target: {fileID: -7988468677212183585, guid: 15a9037d5cf2eaa49a1e49acdd29d0e2, type: 3}
      propertyPath: m_UpdateWhenOffscreen
      value: 1
      objectReference: {fileID: 0}
    - target: {fileID: -7988468677212183585, guid: 15a9037d5cf2eaa49a1e49acdd29d0e2, type: 3}
      propertyPath: m_Materials.Array.data[0]
      value: 
      objectReference: {fileID: 2100000, guid: 796e42ccdc3ea494ab45f4c8b05d0515, type: 2}
    - target: {fileID: -7784958349934763879, guid: 15a9037d5cf2eaa49a1e49acdd29d0e2, type: 3}
      propertyPath: m_Layer
      value: 7
      objectReference: {fileID: 0}
    - target: {fileID: -7657966619581158213, guid: 15a9037d5cf2eaa49a1e49acdd29d0e2, type: 3}
      propertyPath: m_Layer
      value: 7
      objectReference: {fileID: 0}
    - target: {fileID: -6460678995589386651, guid: 15a9037d5cf2eaa49a1e49acdd29d0e2, type: 3}
      propertyPath: m_Layer
      value: 7
      objectReference: {fileID: 0}
    - target: {fileID: -6370085079684087283, guid: 15a9037d5cf2eaa49a1e49acdd29d0e2, type: 3}
      propertyPath: m_Layer
      value: 7
      objectReference: {fileID: 0}
    - target: {fileID: -6170625038081293824, guid: 15a9037d5cf2eaa49a1e49acdd29d0e2, type: 3}
      propertyPath: m_Layer
      value: 7
      objectReference: {fileID: 0}
    - target: {fileID: -5625100138404393899, guid: 15a9037d5cf2eaa49a1e49acdd29d0e2, type: 3}
      propertyPath: m_Quality
      value: 4
      objectReference: {fileID: 0}
    - target: {fileID: -5625100138404393899, guid: 15a9037d5cf2eaa49a1e49acdd29d0e2, type: 3}
      propertyPath: m_DynamicOccludee
      value: 0
      objectReference: {fileID: 0}
    - target: {fileID: -5625100138404393899, guid: 15a9037d5cf2eaa49a1e49acdd29d0e2, type: 3}
      propertyPath: m_UpdateWhenOffscreen
      value: 1
      objectReference: {fileID: 0}
    - target: {fileID: -5625100138404393899, guid: 15a9037d5cf2eaa49a1e49acdd29d0e2, type: 3}
      propertyPath: m_Materials.Array.data[0]
      value: 
      objectReference: {fileID: 2100000, guid: c694dc20e7a56b044954a8c830a5499b, type: 2}
    - target: {fileID: -5561550452697079657, guid: 15a9037d5cf2eaa49a1e49acdd29d0e2, type: 3}
      propertyPath: m_Layer
      value: 7
      objectReference: {fileID: 0}
    - target: {fileID: -5195048882033904264, guid: 15a9037d5cf2eaa49a1e49acdd29d0e2, type: 3}
      propertyPath: m_Layer
      value: 7
      objectReference: {fileID: 0}
    - target: {fileID: -4819223349682164798, guid: 15a9037d5cf2eaa49a1e49acdd29d0e2, type: 3}
      propertyPath: m_Layer
      value: 7
      objectReference: {fileID: 0}
    - target: {fileID: -4728426434207774260, guid: 15a9037d5cf2eaa49a1e49acdd29d0e2, type: 3}
      propertyPath: m_Layer
      value: 7
      objectReference: {fileID: 0}
    - target: {fileID: -4332706925441422008, guid: 15a9037d5cf2eaa49a1e49acdd29d0e2, type: 3}
      propertyPath: m_Layer
      value: 7
      objectReference: {fileID: 0}
    - target: {fileID: -3542885339558904099, guid: 15a9037d5cf2eaa49a1e49acdd29d0e2, type: 3}
      propertyPath: m_Layer
      value: 7
      objectReference: {fileID: 0}
    - target: {fileID: -3086436065929644917, guid: 15a9037d5cf2eaa49a1e49acdd29d0e2, type: 3}
      propertyPath: m_Layer
      value: 7
      objectReference: {fileID: 0}
    - target: {fileID: -2511240423080479738, guid: 15a9037d5cf2eaa49a1e49acdd29d0e2, type: 3}
      propertyPath: m_Layer
      value: 7
      objectReference: {fileID: 0}
    - target: {fileID: -2084811680363313996, guid: 15a9037d5cf2eaa49a1e49acdd29d0e2, type: 3}
      propertyPath: m_Layer
      value: 7
      objectReference: {fileID: 0}
    - target: {fileID: -2054560076165190303, guid: 15a9037d5cf2eaa49a1e49acdd29d0e2, type: 3}
      propertyPath: m_Layer
      value: 7
      objectReference: {fileID: 0}
    - target: {fileID: -1781356600409242780, guid: 15a9037d5cf2eaa49a1e49acdd29d0e2, type: 3}
      propertyPath: m_Layer
      value: 7
      objectReference: {fileID: 0}
    - target: {fileID: -1703473491307067327, guid: 15a9037d5cf2eaa49a1e49acdd29d0e2, type: 3}
      propertyPath: m_Layer
      value: 7
      objectReference: {fileID: 0}
    - target: {fileID: -1618327259405067152, guid: 15a9037d5cf2eaa49a1e49acdd29d0e2, type: 3}
      propertyPath: m_Quality
      value: 4
      objectReference: {fileID: 0}
    - target: {fileID: -1618327259405067152, guid: 15a9037d5cf2eaa49a1e49acdd29d0e2, type: 3}
      propertyPath: m_DynamicOccludee
      value: 0
      objectReference: {fileID: 0}
    - target: {fileID: -1618327259405067152, guid: 15a9037d5cf2eaa49a1e49acdd29d0e2, type: 3}
      propertyPath: m_UpdateWhenOffscreen
      value: 1
      objectReference: {fileID: 0}
    - target: {fileID: -1618327259405067152, guid: 15a9037d5cf2eaa49a1e49acdd29d0e2, type: 3}
      propertyPath: m_Materials.Array.data[0]
      value: 
      objectReference: {fileID: 2100000, guid: 2b58ea5e14dda0f4ea92f0e7b3acd4ed, type: 2}
    - target: {fileID: -1206874426333947015, guid: 15a9037d5cf2eaa49a1e49acdd29d0e2, type: 3}
      propertyPath: m_Quality
      value: 4
      objectReference: {fileID: 0}
    - target: {fileID: -1206874426333947015, guid: 15a9037d5cf2eaa49a1e49acdd29d0e2, type: 3}
      propertyPath: m_DynamicOccludee
      value: 0
      objectReference: {fileID: 0}
    - target: {fileID: -1206874426333947015, guid: 15a9037d5cf2eaa49a1e49acdd29d0e2, type: 3}
      propertyPath: m_UpdateWhenOffscreen
      value: 1
      objectReference: {fileID: 0}
    - target: {fileID: -1206874426333947015, guid: 15a9037d5cf2eaa49a1e49acdd29d0e2, type: 3}
      propertyPath: m_Materials.Array.data[0]
      value: 
      objectReference: {fileID: 2100000, guid: 2b58ea5e14dda0f4ea92f0e7b3acd4ed, type: 2}
    - target: {fileID: -1200856079203341021, guid: 15a9037d5cf2eaa49a1e49acdd29d0e2, type: 3}
      propertyPath: m_Layer
      value: 7
      objectReference: {fileID: 0}
    - target: {fileID: -751476226918971245, guid: 15a9037d5cf2eaa49a1e49acdd29d0e2, type: 3}
      propertyPath: m_Layer
      value: 7
      objectReference: {fileID: 0}
    - target: {fileID: -636503168956358545, guid: 15a9037d5cf2eaa49a1e49acdd29d0e2, type: 3}
      propertyPath: m_Quality
      value: 4
      objectReference: {fileID: 0}
    - target: {fileID: -636503168956358545, guid: 15a9037d5cf2eaa49a1e49acdd29d0e2, type: 3}
      propertyPath: m_DynamicOccludee
      value: 0
      objectReference: {fileID: 0}
    - target: {fileID: -636503168956358545, guid: 15a9037d5cf2eaa49a1e49acdd29d0e2, type: 3}
      propertyPath: m_UpdateWhenOffscreen
      value: 1
      objectReference: {fileID: 0}
    - target: {fileID: -636503168956358545, guid: 15a9037d5cf2eaa49a1e49acdd29d0e2, type: 3}
      propertyPath: m_Materials.Array.data[0]
      value: 
      objectReference: {fileID: 2100000, guid: c694dc20e7a56b044954a8c830a5499b, type: 2}
    - target: {fileID: -290750445479886849, guid: 15a9037d5cf2eaa49a1e49acdd29d0e2, type: 3}
      propertyPath: m_Layer
      value: 7
      objectReference: {fileID: 0}
    - target: {fileID: -203856693384778745, guid: 15a9037d5cf2eaa49a1e49acdd29d0e2, type: 3}
      propertyPath: m_Layer
      value: 7
      objectReference: {fileID: 0}
    - target: {fileID: 9171100556185337, guid: 15a9037d5cf2eaa49a1e49acdd29d0e2, type: 3}
      propertyPath: m_Layer
      value: 7
      objectReference: {fileID: 0}
    - target: {fileID: 919132149155446097, guid: 15a9037d5cf2eaa49a1e49acdd29d0e2, type: 3}
      propertyPath: m_Name
      value: 5 (1)
      objectReference: {fileID: 0}
    - target: {fileID: 919132149155446097, guid: 15a9037d5cf2eaa49a1e49acdd29d0e2, type: 3}
      propertyPath: m_Layer
      value: 7
      objectReference: {fileID: 0}
    - target: {fileID: 943963922643655777, guid: 15a9037d5cf2eaa49a1e49acdd29d0e2, type: 3}
      propertyPath: m_Layer
      value: 7
      objectReference: {fileID: 0}
    - target: {fileID: 1082271958561512970, guid: 15a9037d5cf2eaa49a1e49acdd29d0e2, type: 3}
      propertyPath: m_Layer
      value: 7
      objectReference: {fileID: 0}
    - target: {fileID: 1339101018200438765, guid: 15a9037d5cf2eaa49a1e49acdd29d0e2, type: 3}
      propertyPath: m_Layer
      value: 7
      objectReference: {fileID: 0}
    - target: {fileID: 2236237030686087061, guid: 15a9037d5cf2eaa49a1e49acdd29d0e2, type: 3}
      propertyPath: m_Quality
      value: 4
      objectReference: {fileID: 0}
    - target: {fileID: 2236237030686087061, guid: 15a9037d5cf2eaa49a1e49acdd29d0e2, type: 3}
      propertyPath: m_DynamicOccludee
      value: 0
      objectReference: {fileID: 0}
    - target: {fileID: 2236237030686087061, guid: 15a9037d5cf2eaa49a1e49acdd29d0e2, type: 3}
      propertyPath: m_UpdateWhenOffscreen
      value: 1
      objectReference: {fileID: 0}
    - target: {fileID: 2236237030686087061, guid: 15a9037d5cf2eaa49a1e49acdd29d0e2, type: 3}
      propertyPath: m_Materials.Array.data[0]
      value: 
      objectReference: {fileID: 2100000, guid: 2b58ea5e14dda0f4ea92f0e7b3acd4ed, type: 2}
    - target: {fileID: 2558447367516944479, guid: 15a9037d5cf2eaa49a1e49acdd29d0e2, type: 3}
      propertyPath: m_Layer
      value: 7
      objectReference: {fileID: 0}
    - target: {fileID: 2715566404302941441, guid: 15a9037d5cf2eaa49a1e49acdd29d0e2, type: 3}
      propertyPath: m_Layer
      value: 7
      objectReference: {fileID: 0}
    - target: {fileID: 2898355158428612036, guid: 15a9037d5cf2eaa49a1e49acdd29d0e2, type: 3}
      propertyPath: m_Layer
      value: 7
      objectReference: {fileID: 0}
    - target: {fileID: 3135921509060577837, guid: 15a9037d5cf2eaa49a1e49acdd29d0e2, type: 3}
      propertyPath: m_Layer
      value: 7
      objectReference: {fileID: 0}
    - target: {fileID: 3948933247560734027, guid: 15a9037d5cf2eaa49a1e49acdd29d0e2, type: 3}
      propertyPath: m_Layer
      value: 7
      objectReference: {fileID: 0}
    - target: {fileID: 4930447524207861146, guid: 15a9037d5cf2eaa49a1e49acdd29d0e2, type: 3}
      propertyPath: m_Layer
      value: 7
      objectReference: {fileID: 0}
    - target: {fileID: 6677322510034477745, guid: 15a9037d5cf2eaa49a1e49acdd29d0e2, type: 3}
      propertyPath: m_Quality
      value: 4
      objectReference: {fileID: 0}
    - target: {fileID: 6677322510034477745, guid: 15a9037d5cf2eaa49a1e49acdd29d0e2, type: 3}
      propertyPath: m_DynamicOccludee
      value: 0
      objectReference: {fileID: 0}
    - target: {fileID: 6677322510034477745, guid: 15a9037d5cf2eaa49a1e49acdd29d0e2, type: 3}
      propertyPath: m_UpdateWhenOffscreen
      value: 1
      objectReference: {fileID: 0}
    - target: {fileID: 6677322510034477745, guid: 15a9037d5cf2eaa49a1e49acdd29d0e2, type: 3}
      propertyPath: m_Materials.Array.data[0]
      value: 
      objectReference: {fileID: 2100000, guid: 0fb55fa404aad594ab67a2ad6eff1255, type: 2}
    - target: {fileID: 7402483750096178387, guid: 15a9037d5cf2eaa49a1e49acdd29d0e2, type: 3}
      propertyPath: m_Quality
      value: 4
      objectReference: {fileID: 0}
    - target: {fileID: 7402483750096178387, guid: 15a9037d5cf2eaa49a1e49acdd29d0e2, type: 3}
      propertyPath: m_DynamicOccludee
      value: 0
      objectReference: {fileID: 0}
    - target: {fileID: 7402483750096178387, guid: 15a9037d5cf2eaa49a1e49acdd29d0e2, type: 3}
      propertyPath: m_UpdateWhenOffscreen
      value: 1
      objectReference: {fileID: 0}
    - target: {fileID: 7402483750096178387, guid: 15a9037d5cf2eaa49a1e49acdd29d0e2, type: 3}
      propertyPath: m_Materials.Array.data[0]
      value: 
      objectReference: {fileID: 2100000, guid: 0fb55fa404aad594ab67a2ad6eff1255, type: 2}
    - target: {fileID: 8540762849855351454, guid: 15a9037d5cf2eaa49a1e49acdd29d0e2, type: 3}
      propertyPath: m_Layer
      value: 7
      objectReference: {fileID: 0}
    - target: {fileID: 8817898888258712963, guid: 15a9037d5cf2eaa49a1e49acdd29d0e2, type: 3}
      propertyPath: m_Layer
      value: 7
      objectReference: {fileID: 0}
    m_RemovedComponents: []
  m_SourcePrefab: {fileID: 100100000, guid: 15a9037d5cf2eaa49a1e49acdd29d0e2, type: 3}
--- !u!1 &6397101077477483117 stripped
GameObject:
  m_CorrespondingSourceObject: {fileID: 8817898888258712963, guid: 15a9037d5cf2eaa49a1e49acdd29d0e2, type: 3}
  m_PrefabInstance: {fileID: 2492858773147260910}
  m_PrefabAsset: {fileID: 0}
--- !u!4 &8270228640265782486 stripped
Transform:
  m_CorrespondingSourceObject: {fileID: -3432401550182100168, guid: 15a9037d5cf2eaa49a1e49acdd29d0e2, type: 3}
  m_PrefabInstance: {fileID: 2492858773147260910}
  m_PrefabAsset: {fileID: 0}
--- !u!4 &3092100149104226706 stripped
Transform:
  m_CorrespondingSourceObject: {fileID: 608321761475470972, guid: 15a9037d5cf2eaa49a1e49acdd29d0e2, type: 3}
  m_PrefabInstance: {fileID: 2492858773147260910}
  m_PrefabAsset: {fileID: 0}
--- !u!1 &6271915053443751805 stripped
GameObject:
  m_CorrespondingSourceObject: {fileID: -751476226918971245, guid: 15a9037d5cf2eaa49a1e49acdd29d0e2, type: 3}
  m_PrefabInstance: {fileID: 2492858773147260910}
  m_PrefabAsset: {fileID: 0}
--- !u!4 &7969878286078482740 stripped
Transform:
  m_CorrespondingSourceObject: {fileID: -3746190272939815206, guid: 15a9037d5cf2eaa49a1e49acdd29d0e2, type: 3}
  m_PrefabInstance: {fileID: 2492858773147260910}
  m_PrefabAsset: {fileID: 0}
--- !u!1 &1465081675284136613 stripped
GameObject:
  m_CorrespondingSourceObject: {fileID: 3948933247560734027, guid: 15a9037d5cf2eaa49a1e49acdd29d0e2, type: 3}
  m_PrefabInstance: {fileID: 2492858773147260910}
  m_PrefabAsset: {fileID: 0}
--- !u!4 &4922198762233440535 stripped
Transform:
  m_CorrespondingSourceObject: {fileID: -1812909498023395591, guid: 15a9037d5cf2eaa49a1e49acdd29d0e2, type: 3}
  m_PrefabInstance: {fileID: 2492858773147260910}
  m_PrefabAsset: {fileID: 0}
--- !u!1 &7009654742445521574 stripped
GameObject:
  m_CorrespondingSourceObject: {fileID: -4332706925441422008, guid: 15a9037d5cf2eaa49a1e49acdd29d0e2, type: 3}
  m_PrefabInstance: {fileID: 2492858773147260910}
  m_PrefabAsset: {fileID: 0}
--- !u!4 &6036815502779099054 stripped
Transform:
  m_CorrespondingSourceObject: {fileID: 8169382868667117632, guid: 15a9037d5cf2eaa49a1e49acdd29d0e2, type: 3}
  m_PrefabInstance: {fileID: 2492858773147260910}
  m_PrefabAsset: {fileID: 0}
--- !u!1 &8625148756614423397 stripped
GameObject:
  m_CorrespondingSourceObject: {fileID: -3086436065929644917, guid: 15a9037d5cf2eaa49a1e49acdd29d0e2, type: 3}
  m_PrefabInstance: {fileID: 2492858773147260910}
  m_PrefabAsset: {fileID: 0}
--- !u!1 &2087744902427450914 stripped
GameObject:
  m_CorrespondingSourceObject: {fileID: -4728426434207774260, guid: 15a9037d5cf2eaa49a1e49acdd29d0e2, type: 3}
  m_PrefabInstance: {fileID: 2492858773147260910}
  m_PrefabAsset: {fileID: 0}
--- !u!4 &8693087538883723821 stripped
Transform:
  m_CorrespondingSourceObject: {fileID: 6502182839619065283, guid: 15a9037d5cf2eaa49a1e49acdd29d0e2, type: 3}
  m_PrefabInstance: {fileID: 2492858773147260910}
  m_PrefabAsset: {fileID: 0}
--- !u!4 &1910088508248646294 stripped
Transform:
  m_CorrespondingSourceObject: {fileID: 4042427859692680568, guid: 15a9037d5cf2eaa49a1e49acdd29d0e2, type: 3}
  m_PrefabInstance: {fileID: 2492858773147260910}
  m_PrefabAsset: {fileID: 0}
--- !u!4 &8868982809158854464 stripped
Transform:
  m_CorrespondingSourceObject: {fileID: -2770666803903516498, guid: 15a9037d5cf2eaa49a1e49acdd29d0e2, type: 3}
  m_PrefabInstance: {fileID: 2492858773147260910}
  m_PrefabAsset: {fileID: 0}
--- !u!4 &144388303749564895 stripped
Transform:
  m_CorrespondingSourceObject: {fileID: -6874584590210671055, guid: 15a9037d5cf2eaa49a1e49acdd29d0e2, type: 3}
  m_PrefabInstance: {fileID: 2492858773147260910}
  m_PrefabAsset: {fileID: 0}
--- !u!1 &1548977998059578006 stripped
GameObject:
  m_CorrespondingSourceObject: {fileID: -5195048882033904264, guid: 15a9037d5cf2eaa49a1e49acdd29d0e2, type: 3}
  m_PrefabInstance: {fileID: 2492858773147260910}
  m_PrefabAsset: {fileID: 0}
--- !u!4 &8715622443363879932 stripped
Transform:
  m_CorrespondingSourceObject: {fileID: 6515712193588681746, guid: 15a9037d5cf2eaa49a1e49acdd29d0e2, type: 3}
  m_PrefabInstance: {fileID: 2492858773147260910}
  m_PrefabAsset: {fileID: 0}
--- !u!1 &4722353006777242458 stripped
GameObject:
  m_CorrespondingSourceObject: {fileID: -2084811680363313996, guid: 15a9037d5cf2eaa49a1e49acdd29d0e2, type: 3}
  m_PrefabInstance: {fileID: 2492858773147260910}
  m_PrefabAsset: {fileID: 0}
--- !u!4 &4730692061993906483 stripped
Transform:
  m_CorrespondingSourceObject: {fileID: -2072040086291044643, guid: 15a9037d5cf2eaa49a1e49acdd29d0e2, type: 3}
  m_PrefabInstance: {fileID: 2492858773147260910}
  m_PrefabAsset: {fileID: 0}
--- !u!1 &632158575721977326 stripped
GameObject:
  m_CorrespondingSourceObject: {fileID: -6170625038081293824, guid: 15a9037d5cf2eaa49a1e49acdd29d0e2, type: 3}
  m_PrefabInstance: {fileID: 2492858773147260910}
  m_PrefabAsset: {fileID: 0}
--- !u!4 &79940203920009709 stripped
Transform:
  m_CorrespondingSourceObject: {fileID: 2559285840627121667, guid: 15a9037d5cf2eaa49a1e49acdd29d0e2, type: 3}
  m_PrefabInstance: {fileID: 2492858773147260910}
  m_PrefabAsset: {fileID: 0}
--- !u!1 &5034795979571188874 stripped
GameObject:
  m_CorrespondingSourceObject: {fileID: -1781356600409242780, guid: 15a9037d5cf2eaa49a1e49acdd29d0e2, type: 3}
  m_PrefabInstance: {fileID: 2492858773147260910}
  m_PrefabAsset: {fileID: 0}
--- !u!4 &8322162085090878086 stripped
Transform:
  m_CorrespondingSourceObject: {fileID: -3321919801592875672, guid: 15a9037d5cf2eaa49a1e49acdd29d0e2, type: 3}
  m_PrefabInstance: {fileID: 2492858773147260910}
  m_PrefabAsset: {fileID: 0}
--- !u!1 &656802238067940803 stripped
GameObject:
  m_CorrespondingSourceObject: {fileID: 3135921509060577837, guid: 15a9037d5cf2eaa49a1e49acdd29d0e2, type: 3}
  m_PrefabInstance: {fileID: 2492858773147260910}
  m_PrefabAsset: {fileID: 0}
--- !u!4 &7584768111905837201 stripped
Transform:
  m_CorrespondingSourceObject: {fileID: 5465940246521907071, guid: 15a9037d5cf2eaa49a1e49acdd29d0e2, type: 3}
  m_PrefabInstance: {fileID: 2492858773147260910}
  m_PrefabAsset: {fileID: 0}
--- !u!1 &3286899043976104420 stripped
GameObject:
  m_CorrespondingSourceObject: {fileID: 1082271958561512970, guid: 15a9037d5cf2eaa49a1e49acdd29d0e2, type: 3}
  m_PrefabInstance: {fileID: 2492858773147260910}
  m_PrefabAsset: {fileID: 0}
--- !u!4 &6496175781181122152 stripped
Transform:
  m_CorrespondingSourceObject: {fileID: 8700783698680967558, guid: 15a9037d5cf2eaa49a1e49acdd29d0e2, type: 3}
  m_PrefabInstance: {fileID: 2492858773147260910}
  m_PrefabAsset: {fileID: 0}
--- !u!1 &2502027535612729623 stripped
GameObject:
  m_CorrespondingSourceObject: {fileID: 9171100556185337, guid: 15a9037d5cf2eaa49a1e49acdd29d0e2, type: 3}
  m_PrefabInstance: {fileID: 2492858773147260910}
  m_PrefabAsset: {fileID: 0}
--- !u!4 &4658064545921347187 stripped
Transform:
  m_CorrespondingSourceObject: {fileID: 7078722787440015773, guid: 15a9037d5cf2eaa49a1e49acdd29d0e2, type: 3}
  m_PrefabInstance: {fileID: 2492858773147260910}
  m_PrefabAsset: {fileID: 0}
--- !u!4 &3556050488996371290 stripped
Transform:
  m_CorrespondingSourceObject: {fileID: 1423639737995037876, guid: 15a9037d5cf2eaa49a1e49acdd29d0e2, type: 3}
  m_PrefabInstance: {fileID: 2492858773147260910}
  m_PrefabAsset: {fileID: 0}
--- !u!4 &2671426939529850885 stripped
Transform:
  m_CorrespondingSourceObject: {fileID: -8679921383154817045, guid: 15a9037d5cf2eaa49a1e49acdd29d0e2, type: 3}
  m_PrefabInstance: {fileID: 2492858773147260910}
  m_PrefabAsset: {fileID: 0}
--- !u!1 &3339700638746782399 stripped
GameObject:
  m_CorrespondingSourceObject: {fileID: 919132149155446097, guid: 15a9037d5cf2eaa49a1e49acdd29d0e2, type: 3}
  m_PrefabInstance: {fileID: 2492858773147260910}
  m_PrefabAsset: {fileID: 0}
--- !u!1 &2343925294793086376 stripped
GameObject:
  m_CorrespondingSourceObject: {fileID: -9070493210130169274, guid: 15a9037d5cf2eaa49a1e49acdd29d0e2, type: 3}
  m_PrefabInstance: {fileID: 2492858773147260910}
  m_PrefabAsset: {fileID: 0}
--- !u!4 &2849797493691303809 stripped
Transform:
  m_CorrespondingSourceObject: {fileID: 366175167995203695, guid: 15a9037d5cf2eaa49a1e49acdd29d0e2, type: 3}
  m_PrefabInstance: {fileID: 2492858773147260910}
  m_PrefabAsset: {fileID: 0}
--- !u!1 &7803978758096841011 stripped
GameObject:
  m_CorrespondingSourceObject: {fileID: -3542885339558904099, guid: 15a9037d5cf2eaa49a1e49acdd29d0e2, type: 3}
  m_PrefabInstance: {fileID: 2492858773147260910}
  m_PrefabAsset: {fileID: 0}
--- !u!4 &3618580512635647978 stripped
Transform:
  m_CorrespondingSourceObject: {fileID: -8021001004253913084, guid: 15a9037d5cf2eaa49a1e49acdd29d0e2, type: 3}
  m_PrefabInstance: {fileID: 2492858773147260910}
  m_PrefabAsset: {fileID: 0}
--- !u!1 &6896040938722720745 stripped
GameObject:
  m_CorrespondingSourceObject: {fileID: -203856693384778745, guid: 15a9037d5cf2eaa49a1e49acdd29d0e2, type: 3}
  m_PrefabInstance: {fileID: 2492858773147260910}
  m_PrefabAsset: {fileID: 0}
--- !u!1 &6444481579074643985 stripped
GameObject:
  m_CorrespondingSourceObject: {fileID: -290750445479886849, guid: 15a9037d5cf2eaa49a1e49acdd29d0e2, type: 3}
  m_PrefabInstance: {fileID: 2492858773147260910}
  m_PrefabAsset: {fileID: 0}
--- !u!4 &75214505621643846 stripped
Transform:
  m_CorrespondingSourceObject: {fileID: 2563496969622287784, guid: 15a9037d5cf2eaa49a1e49acdd29d0e2, type: 3}
  m_PrefabInstance: {fileID: 2492858773147260910}
  m_PrefabAsset: {fileID: 0}
--- !u!1 &360429285162522083 stripped
GameObject:
  m_CorrespondingSourceObject: {fileID: -6370085079684087283, guid: 15a9037d5cf2eaa49a1e49acdd29d0e2, type: 3}
  m_PrefabInstance: {fileID: 2492858773147260910}
  m_PrefabAsset: {fileID: 0}
--- !u!4 &220149231595362074 stripped
Transform:
  m_CorrespondingSourceObject: {fileID: -6803169544883306252, guid: 15a9037d5cf2eaa49a1e49acdd29d0e2, type: 3}
  m_PrefabInstance: {fileID: 2492858773147260910}
  m_PrefabAsset: {fileID: 0}
--- !u!4 &7866235756947301122 stripped
Transform:
  m_CorrespondingSourceObject: {fileID: -3480699329000672020, guid: 15a9037d5cf2eaa49a1e49acdd29d0e2, type: 3}
  m_PrefabInstance: {fileID: 2492858773147260910}
  m_PrefabAsset: {fileID: 0}
--- !u!1 &520104843535104751 stripped
GameObject:
  m_CorrespondingSourceObject: {fileID: 2715566404302941441, guid: 15a9037d5cf2eaa49a1e49acdd29d0e2, type: 3}
  m_PrefabInstance: {fileID: 2492858773147260910}
  m_PrefabAsset: {fileID: 0}
--- !u!4 &4264281107480143910 stripped
Transform:
  m_CorrespondingSourceObject: {fileID: 1852576806548013000, guid: 15a9037d5cf2eaa49a1e49acdd29d0e2, type: 3}
  m_PrefabInstance: {fileID: 2492858773147260910}
  m_PrefabAsset: {fileID: 0}
--- !u!1 &3972463176703310677 stripped
GameObject:
  m_CorrespondingSourceObject: {fileID: -7657966619581158213, guid: 15a9037d5cf2eaa49a1e49acdd29d0e2, type: 3}
  m_PrefabInstance: {fileID: 2492858773147260910}
  m_PrefabAsset: {fileID: 0}
--- !u!4 &5565325225253134820 stripped
Transform:
  m_CorrespondingSourceObject: {fileID: 8044669281949152778, guid: 15a9037d5cf2eaa49a1e49acdd29d0e2, type: 3}
  m_PrefabInstance: {fileID: 2492858773147260910}
  m_PrefabAsset: {fileID: 0}
--- !u!4 &784141352481554758 stripped
Transform:
  m_CorrespondingSourceObject: {fileID: 2916570863362053800, guid: 15a9037d5cf2eaa49a1e49acdd29d0e2, type: 3}
  m_PrefabInstance: {fileID: 2492858773147260910}
  m_PrefabAsset: {fileID: 0}
--- !u!4 &8204946192192850155 stripped
Transform:
  m_CorrespondingSourceObject: {fileID: 6000407479487422213, guid: 15a9037d5cf2eaa49a1e49acdd29d0e2, type: 3}
  m_PrefabInstance: {fileID: 2492858773147260910}
  m_PrefabAsset: {fileID: 0}
--- !u!1001 &2492858773651263585
PrefabInstance:
  m_ObjectHideFlags: 0
  serializedVersion: 2
  m_Modification:
    m_TransformParent: {fileID: 2492858772423445578}
    m_Modifications:
    - target: {fileID: -8679921383154817045, guid: 15a9037d5cf2eaa49a1e49acdd29d0e2, type: 3}
      propertyPath: m_RootOrder
      value: 0
      objectReference: {fileID: 0}
    - target: {fileID: -8679921383154817045, guid: 15a9037d5cf2eaa49a1e49acdd29d0e2, type: 3}
      propertyPath: m_LocalPosition.x
      value: 0
      objectReference: {fileID: 0}
    - target: {fileID: -8679921383154817045, guid: 15a9037d5cf2eaa49a1e49acdd29d0e2, type: 3}
      propertyPath: m_LocalPosition.y
      value: 0
      objectReference: {fileID: 0}
    - target: {fileID: -8679921383154817045, guid: 15a9037d5cf2eaa49a1e49acdd29d0e2, type: 3}
      propertyPath: m_LocalPosition.z
      value: 0
      objectReference: {fileID: 0}
    - target: {fileID: -8679921383154817045, guid: 15a9037d5cf2eaa49a1e49acdd29d0e2, type: 3}
      propertyPath: m_LocalRotation.w
      value: 1
      objectReference: {fileID: 0}
    - target: {fileID: -8679921383154817045, guid: 15a9037d5cf2eaa49a1e49acdd29d0e2, type: 3}
      propertyPath: m_LocalRotation.x
      value: 0
      objectReference: {fileID: 0}
    - target: {fileID: -8679921383154817045, guid: 15a9037d5cf2eaa49a1e49acdd29d0e2, type: 3}
      propertyPath: m_LocalRotation.y
      value: 0
      objectReference: {fileID: 0}
    - target: {fileID: -8679921383154817045, guid: 15a9037d5cf2eaa49a1e49acdd29d0e2, type: 3}
      propertyPath: m_LocalRotation.z
      value: 0
      objectReference: {fileID: 0}
    - target: {fileID: -8679921383154817045, guid: 15a9037d5cf2eaa49a1e49acdd29d0e2, type: 3}
      propertyPath: m_LocalEulerAnglesHint.x
      value: 0
      objectReference: {fileID: 0}
    - target: {fileID: -8679921383154817045, guid: 15a9037d5cf2eaa49a1e49acdd29d0e2, type: 3}
      propertyPath: m_LocalEulerAnglesHint.y
      value: 0
      objectReference: {fileID: 0}
    - target: {fileID: -8679921383154817045, guid: 15a9037d5cf2eaa49a1e49acdd29d0e2, type: 3}
      propertyPath: m_LocalEulerAnglesHint.z
      value: 0
      objectReference: {fileID: 0}
    - target: {fileID: -7988468677212183585, guid: 15a9037d5cf2eaa49a1e49acdd29d0e2, type: 3}
      propertyPath: m_Enabled
      value: 0
      objectReference: {fileID: 0}
    - target: {fileID: -5625100138404393899, guid: 15a9037d5cf2eaa49a1e49acdd29d0e2, type: 3}
      propertyPath: m_Enabled
      value: 0
      objectReference: {fileID: 0}
    - target: {fileID: -1618327259405067152, guid: 15a9037d5cf2eaa49a1e49acdd29d0e2, type: 3}
      propertyPath: m_Enabled
      value: 0
      objectReference: {fileID: 0}
    - target: {fileID: -1206874426333947015, guid: 15a9037d5cf2eaa49a1e49acdd29d0e2, type: 3}
      propertyPath: m_Enabled
      value: 0
      objectReference: {fileID: 0}
    - target: {fileID: -636503168956358545, guid: 15a9037d5cf2eaa49a1e49acdd29d0e2, type: 3}
      propertyPath: m_Enabled
      value: 0
      objectReference: {fileID: 0}
    - target: {fileID: 919132149155446097, guid: 15a9037d5cf2eaa49a1e49acdd29d0e2, type: 3}
      propertyPath: m_Name
      value: 5
      objectReference: {fileID: 0}
    - target: {fileID: 919132149155446097, guid: 15a9037d5cf2eaa49a1e49acdd29d0e2, type: 3}
      propertyPath: m_IsActive
      value: 1
      objectReference: {fileID: 0}
    - target: {fileID: 2236237030686087061, guid: 15a9037d5cf2eaa49a1e49acdd29d0e2, type: 3}
      propertyPath: m_Enabled
      value: 0
      objectReference: {fileID: 0}
    - target: {fileID: 5866666021909216657, guid: 15a9037d5cf2eaa49a1e49acdd29d0e2, type: 3}
      propertyPath: m_Controller
      value: 
      objectReference: {fileID: 9100000, guid: fb3acda4208c1af4f9d1e93042811ee8, type: 2}
    - target: {fileID: 6677322510034477745, guid: 15a9037d5cf2eaa49a1e49acdd29d0e2, type: 3}
      propertyPath: m_Enabled
      value: 0
      objectReference: {fileID: 0}
    - target: {fileID: 7402483750096178387, guid: 15a9037d5cf2eaa49a1e49acdd29d0e2, type: 3}
      propertyPath: m_Enabled
      value: 0
      objectReference: {fileID: 0}
    m_RemovedComponents: []
  m_SourcePrefab: {fileID: 100100000, guid: 15a9037d5cf2eaa49a1e49acdd29d0e2, type: 3}
--- !u!4 &2671426939026044810 stripped
Transform:
  m_CorrespondingSourceObject: {fileID: -8679921383154817045, guid: 15a9037d5cf2eaa49a1e49acdd29d0e2, type: 3}
  m_PrefabInstance: {fileID: 2492858773651263585}
  m_PrefabAsset: {fileID: 0}
